3734 5767
271 1557 319 1622 hx
350 1558 500 1643 operibus
530 1560 742 1625 subterraneis
760 1561 782 1640 ¹)
811 1563 845 1624 in
875 1557 990 1644 oppido
1022 1562 1074 1623 cui
1106 1557 1199 1624 bodie
1228 1566 1276 1625 est
1299 1582 1414 1627 nomen

226 1661 377 1750 Girgenti
405 1666 548 1749 repertis,
581 1686 661 1751 quae
690 1687 747 1731 nec
771 1664 984 1731 Phoenicibus
1006 1685 1063 1729 nec
1083 1661 1213 1730 Graecis
1240 1668 1413 1733 attribuere

224 1769 310 1847 licet,
335 1777 466 1855 apparet
486 1775 550 1837 iam
574 1775 808 1857 antiquissimis
830 1772 1029 1856 temporibus
1050 1769 1168 1850 locum,
1194 1793 1256 1857 quo
1280 1774 1411 1855 colonia,

224 1878 315 1941 cuins
334 1876 401 1942 fata
419 1877 480 1943 hoc
499 1877 689 1963 opusculum
709 1899 853 1944 enarrare
873 1886 1014 1955 conatur,
1034 1877 1169 1943 deducta
1189 1886 1246 1956 est,
1267 1880 1412 1947 homines

223 1981 402 2048 incoluisse.
437 1982 499 2048 Eos
535 1982 663 2050 Sicanos
685 1985 783 2050 fuisse
806 2007 823 2050 e
846 1985 952 2050 verbis
972 1983 1125 2069 Stephani
1145 1984 1313 2070 Byzantini
1331 2008 1356 2051 s.
1378 2009 1411 2052 ν.

226 2089 355 2153 Σικανία
375 2091 558 2155 scribentis:
579 2093 710 2156 Σικανία
727 2094 744 2164 ἡ
761 2093 926 2171 περίχωρος
939 2090 1184 2171 Ἀκραγαντίνων
1196 2091 1276 2157 effici
1288 2098 1394 2177 potest
1402 2114 1410 2171 ;

222 2194 497 2260 verisimillimum
529 2200 616 2262 enim
646 2198 783 2263 reddunt
814 2196 968 2283 Stephani
996 2197 1091 2262 verba
1115 2195 1245 2262 Sicanos
1266 2200 1299 2261 in
1321 2205 1410 2284 parte

220 2301 355 2379 insulae,
385 2304 609 2389 Agrigentinis
639 2304 787 2382 finitima,
820 2308 1004 2390 praecipuas
1034 2304 1182 2369 habuisse
1217 2304 1316 2381 sedes,
1347 2326 1410 2390 quo

221 2409 343 2474 factum
373 2430 440 2474 esse
471 2410 601 2475 videtur
631 2417 669 2476 ut
698 2432 735 2476 ea
758 2432 830 2496 pars
852 2409 976 2476 insulae
1000 2412 1070 2474 κατ’
1095 2409 1207 2490 ἐξοχὴν
1234 2411 1409 2487 „treanta”

221 2518 449 2582 nominaretur.
480 2514 609 2582 Necnon
638 2519 708 2603 ipsa
731 2518 792 2583 loci
816 2525 930 2583 natura
953 2516 1129 2582 verisimile
1152 2517 1256 2583 reddit
1279 2517 1410 2583 Sicanos

219 2623 267 2687 ibi
300 2622 390 2687 sedes
422 2621 599 2687 collocasse.
635 2623 693 2688 Est
727 2626 813 2688 enim
847 2624 938 2689 locus
972 2645 1034 2709 quo
1068 2623 1192 2689 colonia
1221 2630 1330 2690 nostra
1360 2631 1408 2690 est

220 2727 364 2804 deducta,
394 2729 569 2794 secundum
601 2728 852 2816 Schubringinm
867 2729 893 2811 ί)
928 2733 999 2807 „ein
1028 2731 1088 2796 auf
1104 2728 1189 2795 allen
1211 2729 1320 2796 Seiten
1345 2753 1406 2797 von

218 2835 372 2899 schroffen
402 2833 641 2921 Felsabhiingen
676 2841 879 2922 umgiirtetes
906 2836 1073 2913 Plateau'',
1113 2838 1337 2922 imprimisque
1371 2858 1408 2903 ea

218 2962 290 3025 pars
310 2939 399 3005 collis
418 2943 452 3005 iu
472 2962 535 3026 qua
553 2962 610 3006 arx
629 2948 698 3007 erat
721 2944 902 3029 Agrigenti,
927 2943 1021 3008 hodie
1040 2950 1149 3007 autem
1170 2951 1216 3007 est
1235 2947 1334 3008 situm
1355 2965 1408 3029 op-

218 3047 329 3131 pidum
353 3045 556 3134 „Girgenti'',
582 3048 655 3114 talis
679 3059 746 3114 erat
768 3049 857 3115 locus
880 3047 1010 3134 qualem
1033 3050 1072 3114 ad
1097 3049 1186 3114 sedes
1209 3048 1407 3115 collocandas

217 3153 325 3219 Sicani
355 3153 472 3242 eligere
504 3156 647 3221 solebant
660 3155 695 3238 ³).
727 3156 815 3222 Inter
846 3178 957 3223 omnes
987 3159 1043 3222 has
1074 3157 1113 3223 ob
1144 3177 1253 3221 causas
1284 3164 1406 3223 constat

216 3259 347 3327 Sicanos
365 3283 422 3348 pro
441 3265 674 3347 antiquissimis
692 3263 782 3328 collis
805 3265 1009 3349 Agrigentini
1023 3262 1137 3328 incolis
1151 3284 1218 3328 esse
1234 3263 1403 3330 habendos.

217 3366 282 3432 Nec
319 3376 427 3433 tamen
461 3390 574 3434 nomen
609 3368 692 3434 illud
726 3370 765 3434 ad
800 3372 1019 3455 quaestionem
1055 3368 1241 3434 solvendam
1276 3370 1403 3435 sufficit.

217 3473 339 3559 Magna
367 3477 452 3539 enim
478 3496 553 3540 cum
582 3478 667 3540 inter
690 3483 813 3541 veteres
837 3485 907 3540 tum
931 3478 1015 3541 inter
1042 3479 1227 3541 recentioris
1251 3479 1405 3560 temporis

215 3583 383 3665 scriptores
413 3591 461 3646 est
491 3581 643 3647 dissensio
674 3583 713 3647 de
742 3582 929 3649 Sicanorum
952 3585 1085 3669 origine,
1109 3583 1194 3647 unde
1217 3583 1404 3668 quandoque

216 3687 278 3766 (fac
299 3707 352 3752 eos
375 3686 512 3753 advenas
533 3689 641 3767 fuisse,
665 3689 749 3774 quod
771 3688 917 3754 nonnulli
941 3694 1072 3775 negant)
1096 3691 1129 3752 in
1151 3688 1288 3754 insulam
1314 3710 1405 3754 neue·

215 3796 291 3870 rint,
311 3792 395 3859 unde
414 3815 530 3859 nomeu
552 3798 704 3860 traxerint
718 3798 754 3877 ί).
775 3795 984 3875 Quaestiones
1002 3795 1040 3860 ad
1060 3794 1189 3860 Sicanos
1210 3797 1404 3880 pertinentes

250 3992 274 4052 1)
291 3991 447 4056 Scbubring.:
462 3991 525 4042 Hist.
540 3992 643 4057 Topogr.
657 4008 680 4043 τ.
696 3993 755 4042 akr.
764 4009 788 4058 p.
805 3995 844 4044 ll.
853 3994 923 4043 Sarra
932 3994 958 4042 di
966 3993 1053 4042 Falco:
1064 3993 1096 4042 Le
1111 3992 1236 4042 Antistia
1245 3992 1311 4041 dolls
1319 3991 1403 4040 Sicilia

214 4080 309 4138 seposta
326 4074 355 4123 ed
373 4074 496 4123 illustrate
511 4074 559 4133 ΙΙΙ,
574 4075 681 4125 itt-81.
696 4075 800 4128 Bennios
819 4076 986 4126 hHandboolr
996 4077 1033 4125 lor
1041 4075 1177 4125 Travellers
1187 4076 1211 4124 in
1220 4074 1304 4139 Sicily,
1311 4091 1335 4139 p.
1345 4074 1401 4123 199.

248 4156 276 4218 6)
292 4156 434 4221 Sobobring.
452 4174 474 4206 o.
492 4158 542 4223 l.p
569 4158 592 4211 7.

251 4240 276 4301 6)
292 4239 364 4290 Diod.
390 4240 436 4289 Sic.
459 4238 488 4299 V,
510 4242 538 4291 d:
563 4241 588 4289 τί
608 4237 631 4288 δ’
654 4235 694 4290 οὖν
717 4240 813 4290 Σικανοί
833 4242 864 4289 τὸ
889 4242 997 4290 παλαιὸν
1021 4237 1132 4302 κωμηδὸν
1157 4240 1240 4302 ᾤκουν,
1265 4237 1318 4290 ἔτί
1340 4243 1401 4288 τῶν

214 4319 432 4383 ὀχυρωτάτων
451 4322 553 4383 addara
571 4323 619 4379 τας
636 4325 721 4380 πόλεις
737 4322 980 4387 κατασκευάζοντες.

248 4407 274 4466 4)
290 4403 398 4468 Thucyd.
416 4404 459 4463 Π,
477 4404 500 4454 2.
518 4404 589 4453 Diod.
606 4404 654 4455 Sio.
671 4404 700 4465 V,
718 4407 741 4466 6,
760 4407 782 4456 1.
799 4406 900 4472 Dionys.
919 4406 992 4457 Helio
1006 4407 1026 4465 l,
1043 4408 1083 4457 22.
1097 4407 1195 4456 Philisti
1209 4408 1239 4458 fr.
1254 4407 1269 4455 3
1285 4407 1402 4470 (Muller).

215 4484 296 4535 Sobel.
313 4486 344 4537 sd
361 4486 448 4552 Odyss.
465 4486 530 4547 xxi,
548 4486 605 4538 666.
622 4487 709 4537 Strabo
727 4487 769 4547 VI,
787 4488 811 4547 2,
829 4491 852 4538 4.
871 4488 944 4539 Diod.
960 4490 1007 4539 Sis.
1027 4488 1054 4548 V,
1071 4490 1094 4539 2.
1110 4489 1184 4538 Pons.
1201 4490 1230 4549 V,
1247 4489 1287 4549 25,
1303 4490 1327 4539 6.
1345 4490 1402 4539 Ver·

215 4567 269 4631 gilii
294 4570 354 4618 Aera
378 4568 433 4628 vll,
457 4567 519 4628 7053
542 4567 586 4629 xl,
609 4568 670 4629 8173
694 4569 764 4629 Vlll,
787 4569 844 4620 668.
865 4571 908 4621 Sil.
931 4572 989 4621 Ital.
1012 4572 1054 4631 XI,
1079 4572 1117 4621 64.
1141 4571 1222 4635 Etym.
1240 4571 1323 4636 hiagn.
1341 4589 1360 4623 s.
1377 4589 1401 4622 v.

214 4653 320 4711 Σικελία
337 4650 461 4704 Niebuhrz
479 4652 549 4703 aen
567 4651 653 4702 Gesoh.
669 4652 687 4714 l,
706 4652 761 4705 176.
779 4652 908 4704 Prasmon:
927 4657 948 4703 A
967 4654 1066 4722 History
1084 4657 1111 4703 oi
1126 4655 1200 4720 Sicily
1210 4657 1272 4720 App.
1282 4655 1313 4704 ad
1322 4656 1400 4705 roll.

1269 4754 1280 4801 l
