3734 5767
1007 747 1051 811 58

435 929 717 1010 σροσσοινρσάριονοσ
746 931 889 1014 χρησμὸν
918 929 976 995 trs
999 935 1059 993 erin
1080 931 1151 992 Aah
1173 930 1259 1006 αὖτῡ
1282 927 1420 993 worn
1443 931 1552 995 ariera
1574 935 1630 1006 σὺν

436 1039 544 1114 Καλὴν
566 1037 683 1112 'Arrio
706 1039 738 1103 ir
761 1037 893 1120 Σικανία
915 1037 1129 1101 κατέπλωσεν
1151 1037 1195 1106 εἰς
1215 1039 1272 1109 rin
1291 1042 1379 1106 νῆσον
1399 1040 1485 1113 μετὰ
1505 1045 1630 1104 tenir

433 1145 601 1226 οέκιισόριον.
632 1143 751 1211 Procul
782 1144 881 1210 dnbio
912 1143 1068 1209 Dncctins
1096 1146 1210 1207 invitis
1233 1140 1409 1208 Corinthiis
1431 1147 1467 1208 in
1487 1145 1629 1211 inrulm

435 1255 554 1318 reverti
584 1273 646 1318 non
676 1261 835 1338 potuerat,
863 1271 958 1337 quarn
991 1251 1032 1315 ob
1058 1271 1127 1315 rem
1152 1248 1427 1314 verisimillimum
1450 1259 1500 1315 est
1520 1250 1629 1319 Corin·

436 1359 523 1423 thiae
551 1361 642 1423 insen
671 1355 950 1445 Syneneanorum
981 1355 1155 1421 Decetiam
1184 1377 1247 1420 non
1271 1357 1473 1441 prohibuime
1493 1361 1528 1422 in
1550 1357 1628 1424 Sici·

436 1464 515 1531 liam
546 1467 678 1530 traicere
693 1467 701 1502 ¹
706 1487 729 1544 r,
759 1463 850 1543 Quod
880 1471 957 1528 utut
983 1473 1042 1541 est,
1066 1462 1223 1528 Ducetins
1248 1465 1282 1526 in
1304 1461 1444 1527 insulam
1467 1464 1572 1541 rediit,
1594 1469 1629 1529 et

438 1573 645 1660 Agrigentini
669 1577 751 1636 teste
774 1569 912 1635 Iiicdoro
929 1568 1056 1635 Siculo:
1076 1565 1148 1644 ἅμα
1167 1571 1224 1644 μὲν
1242 1572 1420 1647 cimbam
1441 1579 1504 1641 τοῖς
1527 1580 1628 1651 Σνρα·

438 1679 547 1750 meiere
570 1676 643 1754 lua
666 1676 693 1743 δ’
709 1679 917 1755 Ιγκαλοΐνντοι
941 1679 1047 1746 αὐτοῖς
1071 1673 1118 1741 irc
1143 1674 1305 1740 Acozirrer
1327 1675 1401 1740 dura
1420 1677 1515 1741 κοινὸν
1533 1678 1628 1743 πολέ-

436 1807 505 1863 μιον
528 1783 675 1850 Arietem
696 1783 771 1849 cirea
784 1792 841 1856 τῆς
857 1783 1108 1863 ’Λκραγανσίνιιν
1127 1783 1253 1861 γνώμης
1266 1781 1305 1862 ’),
1324 1783 1543 1869 Syracusanis,
1565 1784 1629 1850 bel·

437 1891 507 1958 ium
536 1891 737 1970 indixerunt3
769 1890 894 1957 insulae
919 1891 1015 1956 urbes
1037 1889 1119 1956 aliae
1142 1892 1366 1976 Agrigentinis
1388 1891 1471 1956 aliae
1493 1891 1628 1979 Syracu·

435 1999 520 2064 sanis
542 2017 575 2062 ee
598 1996 820 2063 adiunxerant.
844 1997 946 2063 Breve
970 2007 1075 2064 umen
1100 1997 1159 2061 hoc
1178 1996 1299 2061 bellum
1318 1997 1389 2070 fnit„
1412 2018 1487 2061 nam
1506 1997 1627 2084 proelio

435 2103 475 2170 ad
499 2101 667 2168 Himeram
690 2103 828 2169 flurium
851 2106 1023 2168 commisso
1045 2105 1252 2190 Agrigentini
1272 2105 1352 2167 victi
1371 2107 1482 2167 statim
1502 2101 1627 2190 legatos

436 2209 476 2276 ad
506 2208 722 2297 Syracusanos
753 2214 909 2275 miserunt
941 2214 996 2296 qni
1027 2209 1066 2275 de
1096 2230 1172 2294 pace
1203 2217 1344 2295 agerent.
1372 2209 1440 2274 Pax
1463 2211 1546 2275 facta
1567 2216 1626 2286 est,

435 2319 528 2383 caius
569 2323 679 2382 autem
721 2337 803 2403 quae
843 2317 963 2382 inerint
1004 2315 1204 2382 condiciones
1238 2337 1367 2401 prorsus
1400 2318 1587 2401 ignoramus
1601 2315 1626 2396 ³)

439 2425 496 2504 (αθ.
521 2421 611 2502 tte).

483 2527 560 2594 Inde
578 2529 619 2594 ab
638 2549 719 2594 anno
738 2527 820 2594 446⁰
839 2549 940 2614 nsque
952 2528 991 2594 ad
1004 2534 1155 2614 quartum
1166 2549 1287 2592 annum
1300 2526 1376 2593 belli
1387 2527 1628 2613 Peloponesiaci

438 2636 515 2702 urbs
546 2655 622 2721 pace
652 2636 826 2701 trachatur.
850 2635 885 2700 ln
909 2634 994 2700 bello
1019 2634 1102 2721 qnod
1126 2655 1207 2700 anno
1233 2635 1314 2700 427⁰
1336 2634 1528 2721 Syracusani
1550 2655 1625 2699 cnm

440 2741 603 2809 {reontinis
624 2744 765 2808 inierunt
787 2743 994 2830 Agrigentini
1016 2740 1291 2828 Syracusanorum
1315 2748 1420 2827 partes
1439 2743 1540 2806 sacnti
1560 2761 1627 2806 esse

436 2848 597 2927 videntur,
636 2849 748 2915 scribit
786 2852 874 2914 enim
913 2848 1172 2936 Thucydides⁴):
1207 2849 1373 2928 ξύμμαχοι
1408 2848 1440 2912 δὲ
1473 2856 1534 2920 τοῖς
1569 2849 1625 2924 μὲν

438 2956 632 3037 Συρακοσίοις
657 2953 734 3032 ἦσαν
758 2957 839 3029 ntis
859 2956 1076 3035 Καμαριναίων
1095 2955 1135 3019 αἱ
1160 2953 1290 3020 ἄλλαι
1315 2954 1489 3034 deicidae
1508 2952 1625 3031 πόλεις,

437 3062 491 3129 sed
515 3083 594 3148 quae
616 3069 722 3149 partes
746 3065 778 3126 in
802 3061 860 3128 hoc
884 3061 967 3127 bello
990 3064 1116 3149 egerint
1139 3061 1255 3126 diserte
1277 3061 1433 3127 traditum
1456 3083 1518 3127 non
1537 3064 1625 3126 inve-

436 3171 553 3235 nimus.
585 3169 742 3256 'Pempora
772 3190 853 3255 quae
882 3168 1072 3235 antecedunt
1103 3170 1350 3233 Atheniensium
1379 3167 1472 3234 iilam'
1501 3169 1627 3254 expedi·

438 3278 558 3342 tionem
589 3273 732 3342 Siculam
750 3279 917 3361 ipsamque
941 3275 1176 3362 expeditionem
1194 3274 1322 3340 silentio
1341 3277 1512 3360 praeterire
1534 3273 1623 3355 licet;

438 3383 642 3469 Agrigentini
684 3384 770 3448 enim
814 3387 895 3447 teste
935 3380 1122 3468 Thucydide
1157 3381 1223 3446 οὐδὲ
1256 3381 1325 3457 μεθ’
1361 3381 1465 3460 ἑτέρον
1496 3376 1624 3459 ἦσαν’).

437 3487 538 3555 lirant
568 3487 698 3573 quidem
727 3490 811 3553 inter
842 3489 1071 3575 Agrigentinos
1102 3490 1158 3573 qui
1184 3486 1457 3574 Syracusanorum
1482 3487 1625 3552 faverent

438 3596 533 3662 rebus
565 3595 619 3660 ssd
649 3615 705 3660 nec
734 3593 785 3660 illi
815 3615 872 3660 nec
902 3598 966 3680 ipsi
996 3594 1189 3681 Syracusani
1219 3596 1275 3679 qui
1302 3593 1412 3660 eodem
1438 3594 1556 3674 tests⁰)
1581 3594 1625 3666 ric

441 3703 497 3782 uic
509 3701 713 3781 Ἀκράγαντα
727 3699 936 3782 στασιάζοντα
953 3700 1177 3766 σινσικαίδεκα
1190 3701 1276 3765 raoni
1291 3700 1420 3766 Σικανὸν
1432 3701 1624 3765 ἀπέστειλαν

475 4015 598 4081 1)Hcim.
616 4032 638 4066 o.
655 4015 673 4065 l.
693 4017 712 4074 1,
730 4031 754 4080 p.
773 4015 829 4065 880.

474 4101 498 4162 a)
517 4099 587 4150 Diod.
605 4097 652 4149 Sic.
670 4096 725 4156 Ali,
744 4097 767 4147 8.

476 4183 500 4245 8)
518 4181 589 4232 Diod.
606 4179 653 4230 stc.
671 4179 727 4240 xla
743 4181 766 4230 8.

475 4265 503 4326 A)
521 4263 627 4328 usneyn.
646 4261 693 4321 111,
711 4263 750 4312 88.

475 4347 498 4408 8)
515 4343 623 4412 Thucyd.
647 4343 702 4403 vlt.
727 4344 767 4404 88,
790 4345 829 4393 te.
851 4343 947 4394 Sicicrt.
969 4360 991 4393 o.
1014 4343 1033 4392 l.
1055 4359 1077 4408 p.
1098 4341 1141 4402 78;
1166 4342 1237 4393 Diod.
1259 4344 1306 4393 sie
1329 4343 1423 4393 enihlt
1443 4360 1506 4393 ruer
1525 4345 1626 4405 sunt

439 4427 638 4494 (Ἀκραγαντῖνοι
662 4427 707 4489 μὶν
729 4421 770 4476 οὖν
793 4424 835 4475 καὶ
857 4424 946 4492 Νάξιοι
964 4424 1146 4488 συμμαχήσειν
1163 4424 1258 4488 ione-ree
1276 4425 1420 4487 Ἀθνναιόις)
1437 4427 1547 4491 Akragas
1562 4426 1625 4477 liobe

439 4511 491 4563 rich
514 4527 568 4562 rom
591 4511 694 4576 Kampsa
716 4510 755 4559 ror
778 4509 858 4559 Athen
880 4508 957 4558 bereit
979 4507 1083 4567 erilem
1107 4507 1217 4558 indearen
1240 4509 1297 4558 dees
1319 4510 1429 4573 Akragas
1450 4510 1540 4560 iader
1561 4509 1626 4559 unet

440 4594 535 4646 neutrnl
553 4593 626 4652 olins,
643 4594 701 4658 geht
718 4608 762 4641 aus
778 4590 820 4642 der·
837 4593 929 4641 ditores
948 4591 1094 4655 Aaffihrnng
1112 4591 1154 4640 der
1170 4590 1323 4657 Thucydides
1341 4592 1434 4642 horror.

474 4677 500 4742 8)
517 4675 624 4743 Thucyd.
643 4674 696 4736 VH,
713 4675 754 4736 48,
770 4675 810 4727 80.
