3734 5767
809 713 853 779 23

233 898 383 980 potestati
413 916 488 960 suae
521 897 685 982 subegerit
716 916 813 964 necne
843 895 1036 981 perdubium
1059 901 1118 972 est,
1142 901 1174 960 et
1198 901 1283 961 certo
1307 898 1425 961 certius

231 1000 356 1078 suida,
390 1001 538 1067 Phalarin
566 1001 659 1066 totius
680 1001 805 1067 insulae
829 1009 1004 1089 tyrannum
1028 1002 1127 1066 fuisse
1150 1001 1299 1078 scribens,
1324 1008 1426 1087 potes-

231 1114 330 1173 tatem
362 1109 431 1173 eius
461 1112 494 1173 in
526 1111 631 1174 maius
658 1107 784 1173 extulit.
811 1107 995 1188 Quintinae
1019 1107 1249 1194 Agrigentinos
1272 1128 1426 1194 propaga·

229 1217 314 1280 verit
337 1214 479 1280 dubitari
501 1237 564 1280 non
587 1221 701 1300 potest,
725 1214 780 1279 sed
804 1235 932 1299 prorsus
954 1217 1142 1300 ignoramus
1165 1234 1340 1299 quousque.

275 1319 383 1385 Multa
417 1328 492 1386 sunt
528 1341 608 1405 quse
639 1321 724 1386 fama
755 1320 942 1406 divulgavit
974 1319 1012 1384 de
1043 1319 1232 1385 crudelitate
1262 1340 1360 1404 quam
1389 1321 1424 1383 in

229 1428 354 1492 civibus
373 1429 440 1491 suis
459 1433 492 1492 et
511 1429 688 1513 peregrinis
707 1430 886 1493 exercuisse
902 1427 1029 1493 dicitur.
1046 1425 1134 1491 Dicit
1150 1423 1322 1493 Clearchus
1337 1426 1423 1512 apud

230 1534 446 1599 Athenaeum:
462 1531 488 1614 1)
504 1535 544 1602 εἰς
565 1539 655 1599 τοῦτο
679 1535 834 1609 ὠμότητος
862 1535 1000 1611 Φάλαριν
1018 1534 1068 1596 τὸν
1088 1533 1227 1610 τύραννον
1250 1534 1361 1597 ἐλάσαι
1382 1535 1421 1603 ὥς

230 1641 397 1718 γαλαθηνὰ
422 1641 573 1705 θοινᾶσθαι
597 1641 712 1722 βρέφη,
736 1648 769 1706 et
789 1641 965 1706 secundum
985 1638 1111 1705 Heraol.
1132 1640 1226 1705 Pont.
1240 1638 1284 1722 'tt
1306 1639 1422 1720 Ἀκρα·

231 1756 372 1826 γαντῖνος
404 1750 542 1826 Φάλαρις
574 1747 754 1827 ἐτυράννησε
785 1748 964 1830 παρανομίᾳ
989 1750 1111 1819 πάντας
1137 1745 1359 1824 ὑπερβάλλων·
1389 1747 1421 1809 οὐ

231 1856 294 1935 γὰρ
324 1853 414 1928 μόνον
438 1854 562 1935 ἐφόνευε
597 1857 728 1926 πολλοὺς
754 1857 841 1920 αλλὰ
866 1855 918 1919 καὶ
944 1854 1100 1935 τιμωρίαις
1126 1852 1309 1933 παρανόμως
1334 1854 1424 1935 ἔχρή·

232 1985 320 2027 σατο.
355 1962 406 2025 καὶ
432 1960 501 2032 τοὺς
524 1961 580 2037 μὶν
604 1962 646 2031 εὶς
672 1960 811 2037 λέβητας
837 1960 960 2039 ζέοντας
986 1961 1054 2032 τοὺς
1079 1959 1108 2024 δὲ
1129 1961 1172 2032 εἷς
1192 1968 1345 2040 κρατῆρας
1366 1963 1421 2022 τοῦ

231 2073 321 2146 τυρὸς
345 2066 535 2150 ἀπέστελλε,
558 2068 627 2138 τοὺς
653 2069 683 2132 δὲ
709 2070 750 2137 εἷς
772 2074 911 2146 χαλκοῦν
930 2072 1039 2145 ταῦρον
1059 2066 1213 2142 ἐνέβαλλε
1241 2066 1292 2129 ναὶ
1326 2065 1421 2130 κατέ·

232 2199 309 2241 aare.
350 2173 465 2240 Omnia
502 2195 583 2261 quae
616 2178 686 2240 eius
721 2176 892 2241 traduntur
925 2173 1125 2239 crudelitatis
1161 2172 1308 2259 exempla
1333 2171 1421 2237 colli·

231 2303 305 2369 gere
338 2279 475 2366 longum
506 2287 564 2346 est.
602 2281 714 2347 Procul
745 2282 842 2348 dubio
873 2280 996 2346 multae
1034 2279 1172 2345 aliorum
1207 2287 1421 2365 tyrannorum

230 2385 435 2453 crudelitates
480 2389 513 2451 in
542 2386 704 2464 Phalarin,
735 2390 853 2473 quippe
894 2408 991 2472 quem
1034 2393 1146 2451 taurus
1188 2406 1304 2451 aeneus
1347 2406 1422 2471 prae

228 2495 341 2559 ceteris
375 2496 521 2579 tyrannis
554 2493 695 2559 infamer
731 2493 929 2570 reddidisset,
955 2491 1126 2558 translatae
1161 2498 1247 2570 sunt,
1267 2513 1352 2570 nam,
1385 2499 1423 2558 ut

229 2596 434 2680 Preemani³t
462 2606 536 2665 utar
558 2601 672 2677 verbis,
698 2620 737 2676 „a
761 2621 836 2664 man
860 2599 930 2663 who
956 2620 1020 2664 was
1043 2599 1112 2664 said
1135 2605 1168 2663 to
1194 2599 1274 2664 have
1297 2599 1421 2664 roasted

229 2706 340 2794 people
371 2712 405 2771 to
436 2706 531 2772 death
563 2709 597 2771 in
633 2707 787 2773 abraaeu
813 2704 891 2785 bull,
916 2726 981 2771 was
1005 2703 1168 2791 naturally
1192 2705 1288 2770 much
1312 2704 1421 2770 talhed

232 2817 328 2880 about
350 2816 384 2878 in
407 2812 451 2878 all
473 2833 566 2900 ages;
591 2814 627 2877 Ιιο
650 2815 762 2877 became
785 2837 804 2876 a
828 2813 1011 2877 truditioaal
1032 2812 1179 2893 bap-bear,
1199 2831 1218 2876 a
1239 2810 1422 2877 traditional

232 2919 485 3005 common-place
534 2919 570 2985 of
615 2920 786 2996 rhetoric”‚
836 2940 933 3006 quare
984 2918 1030 2983 nil
1074 2921 1195 2983 mirum
1242 2916 1422 2983 Phalaridis

231 3025 454 3092 crudelitatem
476 3027 509 3089 in
532 3027 694 3111 proverbii
714 3025 977 3091 consuetudinem
1003 3027 1177 3106 venissel).

275 3132 363 3198 Alias
386 3135 490 3219 igitur
513 3153 593 3218 quae
617 3136 646 3198 ei
671 3134 858 3198 tribuuntur
877 3130 1081 3197 crudelitates
1102 3130 1231 3196 silentio
1250 3133 1421 3217 praeterire

229 3239 333 3316 liceat,
364 3243 402 3303 ut
432 3237 526 3324 paulo
549 3239 652 3304 fusius
676 3260 770 3325 agare
794 3239 832 3304 de
857 3238 981 3304 famoso
1004 3240 1072 3303 eius
1095 3245 1188 3303 tauro
1211 3259 1307 3304 aeneo
1332 3240 1421 3324 copia

228 3348 280 3410 sit.
329 3345 449 3412 Pabula
482 3349 553 3432 ipsa
584 3346 622 3411 de
654 3353 745 3411 tauro
776 3349 908 3430 eiusque
939 3344 1059 3410 artifice
1090 3343 1208 3410 Perillo
1238 3348 1343 3410 notior
1373 3350 1423 3410 est

229 3472 325 3537 quam
349 3472 430 3537 quae
452 3451 516 3517 huc
539 3459 712 3539 repetatur.
737 3452 782 3518 Ut
804 3452 882 3517 dicit
905 3451 1032 3517 Proteos
1045 3453 1090 3532 ⁵):

387 3588 505 3668 γράφει
531 3590 597 3666 τερ)
623 3595 675 3655 τοῦ
700 3589 812 3670 ταύρου
835 3589 865 3653 δὲ
891 3590 1058 3660 Αονκίαννς
1084 3589 1097 3653 ὃ
1123 3589 1216 3668 Σύρος

389 3695 533 3776 Διόδωρος
557 3697 608 3759 καὶ
634 3696 778 3773 Πίνδαρος
803 3697 872 3761 σὺν
896 3697 1056 3766 τούτοις
1082 3721 1125 3760 τε
1148 3697 1292 3774 μυρίοι.

277 3830 407 3896 Primus
438 3834 494 3917 qui
523 3837 594 3918 post
626 3836 754 3918 tyranni
786 3838 923 3897 aetatem
948 3834 1142 3898 mentionem
1167 3831 1205 3895 da
1230 3838 1322 3896 tauro
1346 3831 1422 3896 facit

230 3938 388 4002 Pindarus
400 3937 427 4017 ο)
450 3947 499 4003 est
518 3959 619 4024 neque
643 3938 731 4004 ullus
751 3945 898 4004 veterum
918 3945 1085 4005 auctorum
1114 3938 1275 4003 dubitasse
1294 3938 1423 4003 videtur

263 4141 286 4202 l)
304 4141 394 4190 Athen.
412 4140 446 4189 IX
464 4140 521 4191 896.

262 4223 286 4283 2)
304 4223 343 4272 Fr.
361 4221 402 4273 37.
420 4223 522 4285 (Miller
538 4222 633 4287 Fragm.
652 4223 716 4274 Hist.
734 4223 818 4274 Graec.
836 4222 863 4272 II
880 4239 903 4289 p.
922 4222 989 4287 228).

263 4306 287 4366 Β)
304 4304 420 4354 Freeman
438 4321 461 4355 o.
480 4305 496 4354 l.
515 4304 542 4353 II
559 4305 599 4357 71,

261 4390 287 4448 4)
305 4385 407 4451 Diogen.
432 4387 478 4436 VH
502 4387 546 4436 dt:
571 4385 710 4448 Φαλάριδος
730 4386 817 4450 ἀρχαί.
842 4387 892 4438 Cic.
916 4390 969 4437 stt.
994 4387 1042 4435 VII
1066 4387 1112 4437 12:
1136 4387 1304 4448 φαλαρισμός.
1322 4385 1422 4436 Lasion.

231 4468 273 4518 Bia
289 4473 347 4518 Aac.
365 4471 388 4518 8.
408 4468 461 4519 Ver.
479 4468 544 4518 Hiat.
561 4469 587 4518 Π
604 4470 645 4520 28.
663 4468 712 4519 Oia.
731 4469 767 4518 Da
784 4469 876 4518 Officiis
893 4468 919 4518 Π
937 4469 961 4522 7.
979 4469 1046 4517 Varr.
1063 4468 1098 4517 lV
1115 4468 1155 4519 88.

268 4553 291 4614 t)
308 4550 414 4602 Tzstzaa.
431 4551 495 4602 ctil.
514 4551 526 4600 1
543 4552 600 4602 646.

268 4635 293 4697 d)
309 4633 380 4685 Pind.
398 4633 479 4685 Germ.
496 4633 569 4702 Pyra.
589 4635 610 4686 Ι.
630 4635 686 4686 185.
