3734 5767
1008 720 1053 787 80

434 916 560 997 portam
583 908 622 973 ad
645 927 734 972 mare
757 905 913 971 ferentem
932 904 1093 971 Numidae
1111 927 1186 971 cum
1206 915 1412 992 occupassent
1433 907 1535 993 pulsis
1553 908 1627 973 inde

434 1016 618 1083 custodibus
641 1020 698 1078 aut
717 1015 826 1090 caesis,
847 1011 1009 1078 Romanos
1028 1012 1067 1078 ad
1084 1013 1177 1086 <id>
1198 1016 1307 1099 ipsum
1326 1016 1441 1079 missos
1460 1017 1494 1079 in
1513 1015 1626 1080 urbem

435 1129 633 1208 acceperunt.
651 1120 694 1184 Et
712 1139 785 1184 curn
807 1121 937 1205 agmine
956 1122 1074 1184 iamin
1094 1119 1201 1185 media
1220 1121 1308 1186 urbis
1327 1142 1363 1186 ac
1381 1121 1487 1187 lorum
1507 1143 1626 1208 magno

436 1226 582 1295 tumultu
616 1230 729 1304 iretur,
764 1230 853 1290 ratus
886 1224 1003 1291 Hanno
1037 1246 1099 1290 non
1133 1225 1217 1292 alius
1251 1247 1349 1312 quam
1379 1226 1561 1293 tumultum
1590 1249 1626 1293 ac

434 1337 653 1412 secessionem,
688 1332 722 1397 id
758 1331 842 1416 quod
875 1339 907 1396 et
943 1339 1015 1397 ante
1046 1332 1212 1411 acciderat,
1243 1333 1460 1400 Numidarum
1489 1355 1557 1400 essa
1587 1334 1626 1400 ad

433 1440 706 1528 comprimendam
738 1438 927 1504 seditionem
959 1441 1120 1524 processit.
1148 1440 1254 1526 Atque
1276 1439 1342 1522 ille,
1367 1461 1441 1506 cum
1465 1444 1495 1507 ei
1518 1439 1629 1505 multi·

433 1551 512 1616 tudo
540 1551 643 1614 maior
666 1566 762 1631 quam
785 1543 1001 1609 Numidarum
1025 1542 1136 1630 procul
1160 1547 1239 1630 visa,
1264 1551 1297 1611 ot
1319 1545 1440 1612 clamor
1463 1546 1627 1613 &manus

432 1656 681 1741 haudquaquam
711 1654 843 1738 ignotus
874 1651 913 1715 ad
941 1654 1028 1716 auris
1051 1652 1227 1729 accidisset,
1252 1655 1438 1739 priusquam
1461 1654 1625 1719 adiutum

433 1762 492 1829 teli
527 1765 659 1838 veniret,
695 1761 831 1844 capessit
865 1760 987 1845 fugam.
1019 1760 1083 1824 Per
1113 1780 1259 1825 cremam
1290 1767 1417 1846 portam
1435 1759 1457 1840 ¹)
1490 1764 1627 1827 emissus

433 1870 603 1954 adsumpto
621 1869 738 1933 comita
756 1865 898 1952 Epicyde
918 1886 993 1930 cum
1012 1869 1123 1951 paucis
1142 1868 1182 1933 ad
1202 1887 1289 1932 mare
1304 1870 1461 1953 pervenit,
1477 1870 1625 1954 nactique

315 1997 320 2002 ·
433 1982 609 2062 opportune
644 1993 781 2059 parvum
811 1974 993 2058 navigium,
1025 1971 1136 2037 relicta
1165 1973 1312 2039 hostibus
1343 1972 1463 2051 Sicilia,
1495 1974 1532 2040 de
1563 1995 1626 2060 qua

433 2103 491 2168 per
515 2087 562 2146 tot
585 2100 682 2145 annos
705 2083 863 2144 certatum
887 2084 966 2153 erat,
985 2080 1018 2142 iu
1042 2079 1180 2144 Africam
1201 2082 1403 2145 traiecerunt.
1422 2078 1496 2145 Alia
1515 2079 1626 2145 multi·

351 2243 354 2248 ⁴
434 2189 511 2254 tudo
541 2188 723 2253 Poenorum
754 2183 1001 2269 Siculorumque
1033 2205 1072 2249 ne
1102 2191 1259 2270 temptato
1290 2186 1421 2272 quidem
1451 2188 1625 2253 certamine

434 2317 509 2362 cum
546 2296 630 2360 caeci
664 2295 698 2357 in
733 2292 846 2378 fugam
881 2298 1021 2367 ruerent,
1056 2290 1219 2377 clausique
1254 2296 1360 2358 exitus
1394 2298 1508 2370 essent,
1544 2297 1625 2359 circa

434 2410 540 2487 portas
571 2420 670 2466 caesa.
702 2396 826 2483 Oppido
853 2404 979 2483 recepto
1002 2397 1171 2476 Laevinus,
1196 2401 1252 2485 qui
1276 2401 1380 2484 capita
1403 2420 1511 2464 rerum
1535 2402 1626 2486 Agri·

431 2510 523 2597 genti
552 2511 651 2582 erant,
682 2506 784 2590 virgis
818 2523 926 2569 caesos
950 2506 1051 2569 securi
1075 2506 1243 2589 percussit,
1267 2511 1388 2570 ceteros
1412 2504 1625 2591 praedamque

431 2612 592 2688 vendidit;
613 2630 740 2676 omnem
764 2612 936 2694 pecuniam
960 2609 1095 2674 Romam
1119 2610 1242 2675 misit”.
1267 2606 1409 2676 (lravom
1431 2614 1535 2697 igitur
1553 2612 1625 2677 urbi

430 2740 565 2807 poenam
595 2716 715 2782 inflixit
737 2715 857 2793 consul,
882 2738 946 2781 nou
970 2723 1076 2782 tamen
1100 2737 1172 2782 eam
1195 2716 1351 2783 delevisse
1374 2718 1511 2784 videtur.
1535 2717 1625 2797 Quod

431 2827 471 2892 ad
495 2825 683 2902 Muttinem,
708 2822 811 2888 factus
833 2822 886 2888 hic
909 2829 958 2888 ost
981 2825 1062 2889 ciris
1086 2823 1251 2889 Romanus
1264 2822 1301 2904 ⁹).

1013 3161 1048 3227 V.

476 3335 586 3414 Sicilia
616 3347 770 3423 subiecta,
802 3366 877 3409 mox
907 3347 1007 3410 etiam
1037 3347 1108 3430 ipsa
1137 3343 1332 3432 Carthagine
1362 3346 1498 3424 devicta,
1528 3349 1621 3434 Agri·

430 3457 571 3542 gentinis
610 3452 769 3518 libertatis
808 3451 1040 3536 recuperandae
1078 3451 1168 3517 nulla
1202 3473 1273 3539 spes
1307 3474 1471 3539 superesse
1503 3456 1619 3539 potuit.

429 3560 522 3627 Nihil
546 3561 677 3646 posthac
701 3561 833 3644 antiqua
856 3579 968 3624 eorum
992 3560 1106 3623 civitas
1128 3565 1196 3623 erat
1218 3561 1280 3623 nisi
1303 3581 1367 3625 una
1390 3581 1429 3626 er
1450 3558 1621 3646 permultis

431 3665 562 3734 Graccis
592 3686 671 3752 quas
690 3665 791 3730 Mina
810 3667 945 3749 imperio
965 3685 1022 3728 suo
1046 3665 1222 3731 subiecerat
1245 3666 1387 3731 urbibus.
1411 3665 1477 3731 Nec
1500 3668 1621 3731 mirum

429 3781 534 3861 igitur
563 3791 719 3859 perpauca
751 3777 878 3835 tantum
909 3769 948 3834 ad
978 3791 1035 3835 nos
1067 3770 1105 3835 de
1136 3771 1225 3836 urbis
1256 3772 1391 3837 historia
1421 3772 1495 3838 iudo
1522 3773 1561 3838 ab
1584 3793 1621 3838 eo

430 3890 573 3966 tempore
596 3901 658 3966 quo
681 3878 901 3943 Romanorum
925 3876 1077 3942 adiuncta
1099 3884 1167 3942 erat
1188 3880 1324 3964 imperio
1348 3882 1541 3964 pervenisse.

477 3989 634 4073 Antiquae
665 3984 753 4071 legas
777 3991 810 4050 et
831 3986 982 4048 instituta
1004 3983 1163 4049 Romanos
1185 4006 1248 4051 non
1267 3984 1437 4051 sustulisse
1456 4006 1473 4051 o
1497 3984 1622 4052 decreto

431 4095 470 4160 de
493 4115 556 4180 quo
579 4114 675 4180 supra
697 4112 801 4157 sermo
824 4096 902 4169 erat,
926 4098 1067 4176 apparet.
1096 4089 1193 4157 Urbes
1216 4091 1344 4158 Siciliae
1362 4094 1430 4158 suis
1448 4093 1622 4158 utebantur

429 4201 568 4289 legibus,
591 4205 733 4266 ceterum
756 4200 912 4285 praetoris
936 4204 1025 4263 erant
1048 4197 1203 4264 obnoxiae
1222 4200 1445 4265 iurisdictioni.
1465 4198 1621 4278 Quattuor

430 4311 464 4374 in
500 4305 606 4373 insula
638 4313 728 4372 erant
761 4324 878 4392 genera
911 4304 1061 4369 urbium:
1097 4302 1253 4372 Civitates
1286 4305 1464 4372 foederatae
1497 4307 1620 4371 civium

464 4493 487 4554 l)
504 4490 642 4541 Verisimile
659 4496 696 4540 est
712 4488 857 4538 Hannonem
872 4493 1019 4551 perportant
1036 4487 1098 4537 ercis
1112 4489 1286 4539 occidentalem
1296 4488 1415 4553 effugisse.
1429 4486 1622 4553 OSSolmbring.

430 4574 461 4624 0.
478 4574 496 4625 l.
513 4590 538 4639 p.
558 4573 665 4623 23-84.

463 4657 488 4717 S)
505 4655 557 4706 Isiv.
575 4655 676 4714 XXVII,
701 4656 722 4703 i.
