3734 5767
1058 727 1078 790 4

470 908 594 974 collatis
624 910 729 974 verbis
757 907 887 973 Diodori
901 909 944 986 ¹):
970 908 997 971 oi
1021 910 1076 979 siro
1100 907 1346 985 Ἀκραγαντίνην
1371 910 1528 985 νιαιδμινοι
1551 912 1602 975 τὸν
1625 913 1661 989 ἕξ

472 1015 591 1090 Λιβὺνι
610 1013 887 1096 οἱντιΦορτιζόαινοι
908 1018 1042 1078 πλοῦτον
1061 1016 1166 1085 οὐσίας
1188 1014 1337 1084 οὶτιότοος
1363 1015 1533 1094 ἐκέκτηντο,
1557 1018 1660 1084 ullam

469 1125 537 1186 vim
559 1121 814 1209 argumentalem
836 1123 939 1186 inesse
959 1129 1055 1205 negat
1072 1119 1239 1186 Sieiertius
1253 1118 1295 1199 ');
1317 1125 1414 1186 vertit
1432 1123 1485 1188 hio
1504 1123 1661 1191 Herodoti

470 1228 581 1292 verba:
615 1226 754 1305 „welohe
785 1249 822 1292 zu
855 1230 976 1291 meiner
1003 1225 1072 1291 Zeit
1095 1225 1146 1292 die
1171 1228 1407 1313 Akragantiner
1429 1232 1504 1294 inne
1524 1231 1659 1309 haben’',

469 1334 635 1420 additque;
667 1334 717 1411 ,8.
742 1334 774 1397 h.
799 1336 845 1398 sie
868 1353 933 1397 war
957 1331 1050 1397 'Pheil
1071 1333 1157 1414 ihree
1184 1333 1349 1397 Gebietea”.

516 1439 725 1505 Luculentius
749 1439 956 1504 Panorazium
979 1460 1098 1504 errasse
1121 1447 1252 1525 apparet
1275 1460 1313 1503 ex
1336 1438 1440 1505 hisee:

517 1544 562 1611 1⁰.
587 1545 693 1632 Capys
712 1549 798 1612 enim
819 1551 851 1611 et
872 1545 1083 1631 Hippocrates
1102 1566 1178 1610 oum
1190 1565 1208 1609 a
1221 1543 1366 1611 Therone
1378 1545 1542 1632 profligati
1554 1558 1659 1615 essent

473 1653 618 1717 Comitum
641 1653 851 1740 profugerunt
864 1652 899 1732 ⁸);
926 1653 1142 1738 Agrigentum
1166 1672 1239 1716 oum
1264 1650 1419 1717 Theronis
1442 1651 1557 1719 dioioni
1577 1662 1659 1721 esset

469 1760 642 1824 obnoxium
667 1757 834 1826 Carnicum
857 1766 981 1843 partem
1006 1759 1178 1844 Agrigenti
1201 1778 1263 1822 non
1286 1756 1383 1824 inisse
1406 1767 1538 1825 constat.

515 1860 561 1930 2⁰.
587 1863 700 1930 Strabo
714 1871 751 1944 ⁴),
777 1868 869 1929 ouius
900 1871 1002 1929 astate
1034 1866 1251 1950 Agrigentum
1284 1865 1361 1929 urbs
1391 1871 1460 1930 erat
1482 1887 1543 1931 non
1567 1868 1658 1952 parvi

470 1974 626 2036 momenti
649 1971 777 2036 scribit:
804 2021 811 2034 .
837 2017 844 2034 .
870 2018 878 2034 .
903 1971 954 2032 καὶ
979 1975 1036 2031 τῶν
1061 1969 1229 2048 βαρβαρων
1254 1969 1279 2033 δ’
1300 1967 1521 2050 ἐξιλεὶφθιροαν
1540 1973 1655 2037 πολλαὶ

469 2088 544 2157 (aaz
568 2079 686 2158 πόλεις)
711 2076 848 2153 καθάπερ
871 2077 897 2140 οι*
922 2076 1066 2142 Καιοικοὶ.

514 2183 560 2249 3⁰.
591 2183 687 2270 Apud
729 2182 927 2269 Stephanum
962 2182 1177 2268 Byzantinom
1213 2204 1238 2247 e.
1263 2205 1295 2247 v.
1332 2183 1545 2262 ’λκράγαντιο
1580 2185 1655 2251 haeo

468 2293 586 2377 scripta
616 2290 782 2355 videmus:
807 2289 1023 2369 Ἀκράγαντος
1047 2291 1152 2353 adam
1177 2289 1279 2353 πέντε.
1307 2290 1451 2361 Σικελίας
1476 2292 1538 2354 απὸ
1563 2315 1658 2356 τοτα-

469 2402 528 2472 μοῦ
561 2396 787 2478 παραρρέοντος.
820 2397 896 2476 Φησὶ
924 2399 987 2474 γὰρ
1012 2402 1118 2475 Δοῦρις
1142 2393 1188 2458 ὅτι
1211 2397 1245 2461 αἱ
1269 2406 1416 2462 πλεῖσται
1440 2404 1498 2461 τῶν
1522 2405 1655 2462 Σικελῶν

469 2504 586 2568 πόλιον
619 2505 652 2568 ἔκ
677 2513 734 2568 τῶν
757 2506 903 2578 ποταμῶν
928 2503 1137 2585 ὀνομάζονται,
1163 2503 1371 2585 Συρακούσας,
1395 2505 1545 2570 Γέλαν..
1568 2507 1654 2571 ,καὶ

469 2612 627 2686 raptat
635 2637 661 2677 ν.
692 2613 909 2698 Agrigentum
940 2614 1025 2675 inter
1059 2609 1138 2675 duos
1161 2618 1228 2675 erat
1251 2612 1350 2676 situm
1375 2611 1559 2689 amniculos,
1582 2634 1657 2698 quo

467 2739 540 2782 rurn
561 2716 654 2783 alteri
673 2725 740 2782 erat
758 2739 874 2782 nomen
894 2718 1068 2796 ’λνραρας,
1087 2714 1181 2781 alteri
1198 2715 1316 2792 ‘ttae
1339 2716 1494 2782 Alterutri
1513 2740 1654 2804 unquam

465 2845 581 2890 nomen
612 2825 710 2890 fuisse
743 2822 952 2901 „Comitum”
965 2829 991 2903 ⁸)
1022 2845 1096 2889 oum
1131 2823 1213 2888 nihil
1243 2827 1285 2889 sit
1316 2845 1373 2889 our
1399 2826 1574 2909 credamus,
1598 2847 1655 2911 pro

465 2939 550 2996 oerto
581 2930 737 2996 affirmare
766 2931 842 2996 lieet
868 2929 1034 2998 Carnicum
1067 2930 1203 2995 fluvium
1231 2931 1518 3017 Agrigentinorum
1542 2932 1654 2996 urbem

465 3060 527 3103 non
558 3036 829 3123 praeterfluxise03
862 3041 1006 3123 seqnitur
1036 3043 1072 3101 ut
1102 3034 1208 3102 Oooali
1232 3040 1320 3122 rogia
1343 3035 1491 3102 Camicus
1515 3059 1611 3122 quam
1635 3059 1653 3101 a

465 3141 594 3210 Camioo
617 3143 717 3209 fluvio
740 3165 854 3209 nomen
878 3148 1010 3208 traxisse
1034 3151 1140 3207 narrat
1163 3141 1269 3220 Duris,
1288 3146 1322 3206 in
1340 3144 1552 3229 Agrigentino
1572 3143 1652 3209 oolle

464 3273 528 3315 non
552 3251 651 3315 fuerit
674 3254 745 3315 sita.

510 3354 557 3421 4⁰,
582 3356 738 3422 Diodorus
769 3356 935 3437 Sioulns⁰)
967 3358 1050 3420 inter
1080 3356 1174 3420 urbes
1197 3376 1215 3419 a
1239 3354 1402 3431 Romanis,
1432 3358 1535 3440 primo
1565 3357 1648 3422 bello

464 3464 595 3538 Punico,
615 3465 777 3545 Agrigento
795 3465 856 3527 νἀαι
875 3470 1050 3546 expugnate,
1071 3469 1187 3548 captas,
1201 3459 1380 3540 Canticum,
1394 3464 1530 3542 Φρούριον
1544 3463 1653 3542 Ἀκρα·

465 3572 626 3648 γαντίνοιν,
650 3580 819 3636 memorat.

508 3676 663 3744 Nonnulli
674 3684 701 3757 ⁷)
722 3697 915 3763 quamquam
935 3675 1027 3740 firma
1046 3676 1121 3739 haee
1141 3682 1331 3761 argumenta
1351 3696 1418 3740 esse
1438 3697 1499 3740 non
1519 3682 1649 3762 negant,

460 3791 567 3849 tamen
601 3785 633 3847 in
665 3786 821 3849 sententia
843 3805 901 3848 sua
923 3791 1110 3868 permanent
1133 3782 1342 3866 urbemquea
1362 3781 1651 3848 Daedaloerstrue-

500 3990 524 4050 1)
541 3987 612 4037 Diod.
630 3987 678 4037 Sic.
696 3986 765 4044 xm,
782 3988 823 4036 81.

499 4071 523 4132 2)
541 4071 636 4121 Sieiert.
654 4088 675 4120 o.
694 4071 711 4120 l.
729 4087 752 4134 p.
771 4070 810 4120 18.

497 4153 522 4215 8)
539 4153 618 4202 Sohol.
635 4153 665 4202 ad
683 4152 754 4203 Pind.
772 4152 851 4202 Carra.
868 4150 941 4216 Pyth.
959 4146 1047 4208 V1,4;
1065 4149 1096 4198 ad
1114 4148 1194 4198 Germ.
1212 4150 1252 4199 01.
1271 4150 1305 4209 II,
1323 4150 1370 4201 178
1387 4151 1434 4214 (ed.
1453 4150 1552 4216 Heyne).

486 4237 618 4298 ’4)81111),
635 4236 678 4295 vt,
696 4236 721 4295 8,
738 4236 761 4285 8.
1471 4295 1472 4302 ¹

498 4321 522 4381 5)
538 4319 649 4369 Erfurdt:
667 4319 703 4368 De
720 4317 882 4368 monumentis
900 4314 1024 4378 Agrigent.
1044 4330 1067 4378 p.
1089 4315 1118 4361 18
1136 4351 1142 4363 .
1161 4352 1166 4362 .
1186 4351 1192 4364 .
1210 4320 1238 4363 ut
1255 4321 1333 4364 totam
1353 4316 1434 4364 urbem
1450 4331 1521 4381 qnam
1536 4317 1584 4365 duo
1598 4331 1650 4364 am·

460 4401 537 4451 niouii
560 4402 655 4467 Hypsei
681 4402 830 4466 Camimqae
851 4398 1001 4455 interfluunt,
1024 4396 1132 4460 ingentia
1156 4402 1229 4463 atque
1252 4397 1367 4447 continua
1385 4399 1535 4448 munimenta
1553 4406 1578 4448 at
1594 4414 1648 4463 pro·

462 4485 601 4548 pugnacula
617 4485 719 4550 espeisse
736 4482 889 4533 videantnff'.

497 4567 521 4628 8)
538 4566 611 4618 Diod.
627 4568 674 4617 Sio.
692 4566 784 4625 xxm,
801 4566 825 4614 8.

497 4647 521 4710 Ί)
539 4648 756 4699 ΒοοιιΙ-Βοοὶιιιιιον
773 4648 857 4697 Journ.
875 4647 916 4696 dos
933 4645 988 4694 Sar.
1010 4644 1080 4702 1888,
1101 4660 1124 4709 p.
1142 4643 1199 4695 288.
