3734 5767
813 742 855 812 47

235 932 303 997 rebe
334 927 504 1005 ἓξοὲοπολοο
536 932 726 1006 περίπτερος.
758 927 898 993 Pronaos
929 933 963 993 et
994 930 1154 1013 posticum
1177 933 1254 993 sunt
1275 930 1309 992 in
1333 931 1429 994 antis.

235 1034 390 1122 Peristyli
412 1035 581 1100 columnae
604 1055 686 1120 quae
705 1055 815 1100 omnes
835 1040 1008 1121 supersunt
1027 1037 1163 1122 triginta
1182 1040 1336 1119 quattuor
1354 1039 1432 1100 sunt

235 1163 380 1209 numero.
403 1143 535 1209 Praeter
552 1142 703 1230 peristyli
722 1142 889 1208 columnas
909 1148 1083 1228 supersunt
1097 1163 1241 1228 pronoen,
1258 1145 1432 1228 posticum,

235 1255 341 1315 totum
360 1248 562 1336 epistylium,
584 1270 656 1336 pars
672 1249 812 1335 zephori,
826 1252 964 1335 parietes
975 1248 1082 1326 cellae,
1097 1252 1153 1334 qni
1166 1256 1246 1315 teste
1258 1248 1393 1315 Halmio
1410 1254 1434 1328 Ι)

238 1376 315 1433 „aus
338 1376 373 1420 so
396 1355 532 1421 trefflich
553 1359 588 1421 in
611 1355 762 1422 einander
784 1355 958 1443 passenden
981 1356 1216 1422 Werkstiiclren
1235 1377 1437 1422 zusammen-

235 1462 352 1549 gefiigt
381 1462 489 1542 (sind),
522 1462 593 1528 dass
624 1484 700 1529 man
729 1462 867 1550 glauben
899 1463 1029 1529 mochto
1056 1464 1112 1528 der
1134 1463 1203 1528 Bau
1227 1465 1273 1529 sei
1297 1484 1332 1529 so
1356 1464 1434 1529 eben

237 1575 303 1634 eret
326 1568 489 1635 vollendet
512 1569 672 1635 worden’'.

281 1673 352 1740 Non
371 1674 471 1762 longe
493 1696 512 1741 a
535 1674 727 1743 Concordiae
751 1677 883 1764 templo,
907 1678 1104 1743 occidentem
1127 1677 1229 1744 solem
1254 1699 1365 1744 versus
1386 1682 1435 1743 est

237 1781 398 1868 templum
416 1783 571 1861 Heraclia,
592 1784 677 1869 quod
696 1792 780 1850 erat:
799 1786 867 1856 νεὼς
884 1782 1054 1860 ἑξάοπυλοο
1072 1785 1260 1864 περίπτερος,
1279 1784 1431 1864 ὕπαιθρος.
1532 1846 1536 1855 ,

236 1885 414 1955 Columnae
440 1891 578 1976 triginta
608 1898 679 1955 octo
703 1896 794 1956 erant
816 1912 967 1969 nnmero;
992 1913 1050 1977 per
1073 1896 1226 1977 quattuor
1249 1892 1368 1979 gradus
1391 1891 1432 1956 ad

236 1994 432 2081 peristylum
451 2003 519 2061 erat
538 1997 655 2062 aditus.
676 1996 789 2063 Solum
803 1998 954 2085 peristyli
966 2019 983 2064 e
996 2002 1261 2086 magnisconstat
1272 1997 1435 2084 lapidibus

236 2101 478 2189 quadrangulis.
499 2102 678 2189 Supersunt
690 2105 866 2170 secundum
879 2104 1186 2193 Schubringiumb:
1200 2127 1264 2171 von
1277 2105 1337 2170 den
1350 2104 1438 2170 stuf-

237 2209 291 2274 fen
321 2207 371 2274 die
406 2207 612 2290 Siidosteclre‚
645 2210 697 2276 die
727 2214 821 2277 mitte
851 2211 908 2278 der
938 2211 1096 2292 Stideeite,
1125 2213 1176 2278 die
1199 2212 1436 2290 Siidrreeteclre,

238 2313 418 2394 Weetseite,
452 2315 713 2399 Nordwesteclr03
749 2339 825 2384 vom
860 2317 1003 2405 Peristyl
1033 2321 1067 2383 in
1097 2318 1226 2385 kleinen
1257 2319 1435 2405 Rumpfen:

239 2421 297 2486 auf
324 2421 380 2487 der
410 2421 559 2489 deseit'e
591 2429 679 2504 (vom
711 2424 808 2491 Osten
838 2446 878 2491 an
906 2425 1050 2512 gezdhlt)
1074 2426 1126 2491 die
1149 2426 1265 2492 Saulen
1289 2427 1321 2506 2,
1347 2426 1378 2505 3,
1404 2424 1437 2505 7,

239 2525 271 2604 9,
297 2526 350 2605 12,
382 2527 433 2607 13,
469 2530 529 2594 auf
559 2529 615 2595 der
646 2530 815 2597 Westseite
847 2531 897 2597 die
928 2532 997 2598 drei
1028 2531 1263 2610 Mittelsanlen,
1295 2533 1355 2598 auf
1380 2531 1437 2597 der

238 2631 408 2700 Nordseite
432 2634 482 2701 die
501 2637 693 2711 vierzehnte,
716 2636 834 2703 welche
854 2638 935 2702 noch
956 2638 1024 2704 drei
1043 2637 1227 2704 drommeln
1247 2640 1331 2704 hooh
1351 2639 1437 2703 steht

239 2740 306 2805 und
327 2745 386 2807 wie
407 2745 459 2807 ein
478 2741 603 2808 ‘ianm
619 2745 698 2809 iiber
709 2744 760 2810 die
774 2743 1063 2811 'Priimmerhaufen
1078 2747 1297 2832 emporragt''.
1314 2745 1437 2811 Memo

238 2846 339 2913 rabile
369 2856 418 2913 est
448 2849 608 2936 templum
640 2852 680 2916 ob
711 2853 818 2917 vanos
849 2853 966 2938 quibus
997 2857 1066 2918 erat
1087 2859 1278 2918 exornatum
1301 2850 1434 2929 colores,

241 2975 379 3040 quorum
410 2959 550 3044 vestigia
581 2959 765 3023 etiamnunc
787 2961 821 3022 in
841 2959 972 3045 zephori
991 2960 1145 3045 partibus,
1167 2961 1301 3044 quaein
1321 2978 1434 3023 museo

240 3060 467 3127 Panormitano
510 3070 723 3141 asservantur,
759 3067 1008 3150 conspiciuntur.
1045 3065 1199 3152 Superest
1234 3085 1330 3151 porro
1363 3084 1437 3150 pare

242 3169 371 3248 προνάου
395 3174 428 3235 et
451 3190 523 3255 pars
548 3168 655 3235 cellae.
869 3172 871 3175 ’

285 3274 411 3342 Nomen
451 3275 529 3341 licet
570 3282 695 3342 certum
737 3299 801 3343 non
845 3280 897 3357 sit,
938 3284 1046 3344 tamen
1080 3276 1199 3344 thum
1233 3280 1277 3344 sit
1311 3298 1437 3344 necesse

240 3402 303 3446 non
345 3387 406 3447 est.
447 3380 620 3468 Templum
661 3382 772 3469 procul
815 3384 912 3449 dubio
947 3391 1147 3449 exstructum
1181 3389 1230 3450 est
1263 3387 1376 3470 quinto
1407 3405 1435 3449 a.

242 3485 316 3555 cnr.
340 3511 372 3553 n.
398 3488 532 3567 saeculo,
556 3488 786 3556 llmmenidum
805 3497 919 3568 aetate,
941 3493 997 3576 qui
1016 3493 1094 3576 quin
1114 3490 1289 3556 Herculem
1309 3511 1438 3556 summa

240 3593 396 3682 religione
422 3595 580 3661 coluerint
600 3596 742 3662 dubitari
760 3618 822 3662 non
841 3603 957 3683 potest.
978 3597 1027 3662 Ne
1046 3596 1283 3685 Sebubringins
1306 3595 1437 3683 quidem

241 3700 358 3779 iorum,
391 3701 476 3787 quod
505 3722 524 3767 a
555 3700 717 3781 Cicerone,
754 3709 793 3768 ut
816 3724 912 3789 supra
934 3706 1001 3768 iam
1025 3703 1149 3769 dictum
1171 3711 1230 3781 est,
1254 3725 1316 3768 non
1340 3703 1436 3789 longe

241 3828 260 3873 a
279 3807 399 3894 templo
416 3807 563 3875 Heraclia
581 3811 700 3874 afuisse
719 3809 846 3888 dicitur,
865 3812 899 3874 in
919 3811 1026 3875 media
1043 3812 1122 3876 urbe
1142 3831 1238 3896 prope
1265 3809 1432 3875 ecclesiam

242 3913 296 3992 „S.
320 3913 472 3980 Niccola’'
508 3913 606 3981 fuisse
639 3916 840 3993 contendens,
875 3937 1066 4002 persuasum
1101 3916 1162 3981 sibi
1192 3916 1287 3981 babet
1316 3937 1432 3981 nomen

241 4042 299 4107 pro
323 4020 403 4086 salso
426 4043 493 4087 esse
515 4022 707 4088 habendum.
732 4021 850 4088 Scribit
863 4024 905 4102 ³):
931 4044 986 4100 „es
1008 4026 1052 4088 ist
1073 4022 1173 4088 leicht
1195 4021 1337 4110 moglich
1361 4021 1434 4087 dass

241 4283 285 4317 voa
310 4267 356 4316 dec
374 4266 454 4316 auen
473 4265 631 4331 cingerichtet
647 4264 700 4325 hat,
717 4280 747 4314 an
764 4264 807 4314 der
822 4264 885 4314 noch
902 4264 975 4314 hante
992 4264 1032 4314 die
1049 4265 1182 4315 &voluer
1198 4264 1241 4314 der
1257 4265 1337 4314 nabeo
1354 4264 1435 4314 Wsin-

243 4354 328 4415 garten
351 4349 401 4399 und
423 4348 511 4399 Felder
533 4349 697 4399 walltahrton.
719 4348 809 4397 Auster
833 4346 929 4412 einiger
952 4348 1047 4398 astaret
1071 4348 1121 4398 nnd
1140 4348 1183 4398 der
1199 4347 1280 4398 Decle
1297 4348 1329 4398 ist
1346 4347 1433 4397 Nichts

242 4433 360 4490 verlorsn,
378 4432 440 4481 anch
458 4432 490 4481 ist
507 4432 546 4481 die
562 4431 721 4496 Entsttdlung
737 4430 813 4480 durch
830 4435 927 4496 epitom
945 4430 998 4480 Bau
1015 4430 1084 4481 nicht
1100 4429 1244 4481 bedentend.

277 4515 302 4575 1)
320 4513 404 4563 Helm.
421 4530 444 4563 o.
461 4514 478 4564 l.
497 4514 517 4573 l,
534 4531 558 4579 p.
576 4513 633 4566 297.

277 4597 301 4660 2)
317 4596 460 4662 Sobobring.
478 4613 501 4646 o.
518 4598 535 4647 1.
552 4613 576 4662 p.
593 4599 634 4646 49.

276 4683 301 4743 8)
318 4678 462 4745 Sobobring.
481 4697 503 4730 o.
521 4680 539 4730 l.
556 4696 580 4746 p.
599 4680 640 4730 aa.
