3734 5767
793 765 835 833 67

262 941 541 1032 Carthaginienses
570 950 689 1012 recenti
715 969 862 1014 successu
886 947 963 1013 elati
987 968 1083 1033 quam
1108 946 1271 1014 celerrime
1294 951 1410 1014 exerci-

218 1058 289 1117 tum
334 1051 516 1118 Messanam
562 1053 733 1131 duxerunt,
776 1076 839 1140 qua
883 1055 963 1120 urbe
1009 1063 1192 1141 expugnata
1237 1054 1410 1142 Syracusas

219 1157 362 1224 obsidere
406 1166 577 1244 coeperunt
597 1158 633 1238 ¹).
679 1159 740 1225 Sed
787 1160 968 1246 pestilentia
1009 1163 1129 1225 iterum
1172 1181 1283 1226 eorum
1326 1182 1412 1226 exer·

218 1267 321 1331 citum
360 1265 515 1331 invadens
549 1265 663 1332 ducem
698 1267 800 1333 denuo
834 1288 907 1333 oum
943 1265 1098 1352 Dionysio
1133 1267 1171 1332 de
1206 1288 1282 1353 pace
1316 1288 1411 1354 agere

217 1376 333 1461 coegit.
368 1371 454 1452 Quas
486 1373 581 1438 urbes
615 1370 896 1460 Carthaginienses
930 1374 1083 1458 potestati
1113 1393 1188 1437 suae
1220 1373 1411 1459 subegerant

218 1489 291 1568 post
312 1500 423 1567 pacem
446 1480 562 1545 iactam
581 1479 766 1546 libertatem
784 1488 1064 1567 recuperaverunt,
1085 1479 1138 1545 sed
1158 1482 1285 1546 nomine
1304 1482 1410 1567 magis

219 1608 316 1673 quam
339 1608 384 1664 re,
408 1607 482 1651 uam
504 1585 615 1673 procul
638 1586 734 1653 dubio
756 1586 910 1674 Dionysio
936 1587 1155 1671 obtemperare
1177 1593 1301 1652 coactae
1324 1592 1410 1652 sunt.

220 1690 320 1759 Cuius
350 1694 486 1778 imperio
516 1700 553 1756 ut
583 1713 617 1757 se
646 1692 868 1758 subtraherent
898 1694 1106 1778 Agrigentini
1136 1712 1210 1756 cum
1234 1692 1410 1771 studerent,

220 1800 350 1865 fortuna
381 1801 423 1864 iis
457 1819 554 1883 qnam
587 1800 781 1885 quaerebant
806 1800 954 1885 praebuit
984 1801 1180 1865 occasionem
1211 1798 1296 1865 bello
1327 1800 1412 1886 quod

221 1905 378 1995 Dionysio
399 1908 564 1991 inopinato
587 1928 661 1971 cum
684 1905 842 1993 Rheginis
865 1912 933 1971 erat
955 1905 1143 1992 gerendum.

267 2013 443 2099 Dionysius
469 2015 555 2077 euim
578 2012 759 2079 Messanam
783 2015 981 2094 muniverat;
1006 2011 1038 2077 id
1063 2012 1202 2100 Rhegini
1225 2016 1412 2098 pernoxium

222 2122 284 2187 sibi
303 2121 367 2186 fore
386 2122 459 2197 rati,
481 2118 663 2184 Messanam
683 2122 842 2185 miserunt
861 2122 1037 2185 exercitum
1057 2120 1233 2204 urbemque
1252 2119 1414 2186 obsidione

223 2228 415 2303 clauserunt,
446 2224 501 2290 sed
533 2246 551 2290 a
581 2227 708 2291 civibus
731 2235 765 2291 et
787 2247 806 2291 a
830 2225 979 2314 Dionysii
1002 2228 1208 2290 mercenariis
1231 2228 1311 2292 victi
1333 2228 1415 2293 obsi·

224 2335 350 2400 dionem
384 2328 563 2417 relinquere
598 2335 698 2398 coacti
729 2339 814 2398 sunt.
845 2332 1022 2419 Dionysius
1058 2355 1130 2398 oum
1166 2333 1300 2398 urbibus
1334 2334 1415 2399 freto

224 2439 332 2507 Siculo
351 2441 468 2507 vicinis
487 2438 598 2504 foedus
618 2442 693 2504 iniit
711 2445 743 2505 et
761 2460 779 2504 a
799 2440 955 2526 Rheginis
973 2460 1089 2526 poenas
1109 2446 1215 2527 petere
1236 2443 1415 2505 constituit.

224 2547 287 2613 Ded
317 2567 336 2611 a
366 2545 484 2611 Siculis
518 2548 575 2630 qui
596 2544 846 2612 Tauromenium
869 2546 1148 2632 occupaverant2),
1172 2549 1287 2612 itinere
1308 2547 1414 2632 prohi-

225 2655 312 2720 bitus
334 2658 402 2718 tam
425 2673 560 2740 gravem
573 2642 707 2739 ¹tsccepit
729 2652 853 2719 cladem
876 2659 914 2717 ut
937 2652 1069 2718 domum
1093 2650 1195 2718 redire
1214 2657 1342 2718 coactus
1362 2656 1415 2733 sit,

226 2760 295 2842 Qua
323 2757 411 2825 clade
440 2759 596 2846 Dionysio
622 2758 713 2826 illata
737 2761 946 2846 Agrigentini
976 2764 1008 2824 et
1031 2756 1241 2837 Camarinaei,
1267 2758 1416 2846 Dionysii

129 2903 138 2920 ·
225 2867 404 2933 fautoribus
426 2866 579 2953 expulsis,
602 2869 717 2952 iugum
744 2864 923 2952 tyrannidis
947 2872 1154 2931 excusserunt
1181 2873 1203 2947 ).

270 2973 335 3039 Diu
364 2980 472 3039 tamen
503 2974 711 3060 Agrigentini
733 2971 882 3038 libertate
906 2973 1004 3038 fructi
1027 2994 1089 3038 non
1113 2979 1197 3050 suut,
1222 2993 1296 3038 nam
1320 2973 1416 3060 paulo

225 3087 298 3167 post
337 3100 412 3145 cum
446 3101 568 3146 novum
602 3078 725 3145 bellum
758 3086 907 3145 exortum
942 3088 1025 3145 esset
1045 3082 1072 3160 ⁴)
1107 3079 1343 3166 Dionysiusque
1377 3080 1416 3145 ad

226 3184 344 3254 Cabala
359 3186 386 3267 5)
419 3188 587 3251 victoriam
622 3207 641 3251 a
675 3183 995 3272 Carthaginiensibus
1028 3192 1220 3271 reportasset
1253 3191 1321 3252 tota
1354 3187 1418 3252 fere

225 3291 330 3358 insula
359 3295 511 3378 potestati
541 3294 609 3357 eius
639 3293 782 3358 subiecta
812 3299 888 3359 erat.
922 3292 1025 3372 Quam
1057 3298 1130 3379 post
1161 3294 1329 3358 victoriam
1357 3314 1419 3379 pax

263 3537 287 3600 1)
303 3536 375 3586 Diod.
392 3536 439 3586 Sic.
458 3534 523 3595 XIV,
540 3535 648 3590 ol—to.

263 3620 290 3684 2)
308 3618 381 3668 Diod.
398 3619 445 3668 en.
463 3617 528 3678 xlv,
547 3617 588 3670 87.

262 3703 287 3766 8)
304 3702 376 3752 Diod.
389 3701 437 3751 Sic.
451 3700 517 3761 xlv,
531 3702 572 3751 88.
584 3701 658 3750 Μετδι
667 3699 694 3749 δδ
703 3700 749 3758 τὴν
758 3698 871 3764 ἇτυχίαν
880 3699 978 3758 ταύτην
985 3702 1175 3765 Ἀκραγαντῖνοι
1185 3699 1228 3750 καί
1241 3700 1420 3759 Μεσσήνιοι

229 3786 289 3844 τοὺς
313 3786 348 3834 τδε
368 3783 496 3833 Διονυσίου
518 3786 667 3845 φρονοῦντας
684 3781 914 3849 μεταστησάμενοι,
932 3786 978 3842 τῆς
995 3780 1132 3845 ἐλευθερίας
1149 3782 1298 3847 ἀντείχοντο
1315 3784 1358 3834 καὶ
1374 3787 1422 3843 τῆς

229 3871 275 3917 τοῦ
291 3865 408 3929 τυράννου
426 3865 581 3928 συμμαχίας
598 3863 754 3923 ίτίστησαν,
771 3865 819 3915 Pro
837 3863 971 3923 Μεσσήνιοι
991 3865 1104 3916 Holmins
1118 3866 1247 3931 legendum
1261 3884 1312 3917 osse
1327 3874 1420 3918 censet:

230 3952 389 4013 kaminatae
406 3953 440 4012 (o.
456 3950 475 3999 l.
492 3949 527 4008 ll,
544 3965 568 4015 p.
586 3948 653 4012 488).

262 4036 287 4096 A)
304 4033 373 4099 Quae
399 4034 490 4084 luerint
516 4048 589 4081 causa
614 4031 688 4081 huius
713 4031 774 4082 belli
799 4031 875 4082 trudit
900 4032 1022 4082 Diodorus
1047 4032 1097 4092 XV,
1124 4034 1167 4082 lt:
1195 4030 1251 4081 Ἐτδ
1274 4030 1301 4080 n
1323 4030 1420 4081 τούτοιν

229 4114 355 4174 Διονύσιος
381 4116 394 4165 δ
419 4120 469 4164 τίίν
500 4113 651 4176 Συρακοσίαν
677 4112 791 4176 τύραννος
814 4113 1068 4177 παρασκευασάμενος
1093 4115 1211 4175 πολεμεῖν
1237 4111 1420 4176 Καρχηδονίοις,

229 4195 315 4264 ὶζιίτει
340 4198 426 4260 λαβεῖν
451 4200 573 4260 τρίφασιν
597 4194 701 4259 εὔλογον
728 4200 773 4245 τοῦ
797 4196 917 4258 τολέμσυ,
942 4197 1017 4258 'Optio
1039 4191 1079 4246 olo
1103 4198 1151 4255 stre
1174 4195 1221 4245 ὑτδ
1239 4193 1421 4258 Καρχηδονίους

229 4280 392 4346 τεταγμίνας
412 4283 497 4338 τίλεις
520 4278 614 4337 οίιιείοις
637 4276 750 4342 ὅχοῦσας
767 4280 826 4341 τρδς
843 4279 995 4337 ἀντίστασιν,
1012 4277 1182 4342 τροςεδὲχττο
1201 4281 1249 4336 τδις
1268 4277 1422 4341 βουλομένας

228 4364 395 4428 ἀφίστασθαι,
415 4362 457 4413 καί
471 4362 625 4425 συμμαχίαν
641 4362 699 4422 τρδς
713 4359 795 4419 atrise
809 4360 989 4423 συντιθέμενος,
1004 4360 1116 4420 ἒτιειιιδς
1130 4360 1295 4424 τροτεφίρετο
1304 4359 1422 4420 ταύταις.

230 4448 265 4496 Οί
288 4446 315 4496 di
340 4444 503 4510 Καρχηδόνιοι
529 4444 559 4494 τδ
585 4444 631 4505 μὶν
656 4450 750 4506 τρίἰτον
777 4445 894 4511 τρίσβεις
916 4443 1121 4503 ἀτοστίλλοντες
1143 4445 1202 4507 τρδς
1224 4444 1267 4493 τδν
1291 4441 1423 4501 δυνάστην,

231 4527 342 4593 &ufir-orn
364 4532 414 4587 τδις
437 4528 538 4585 τίλεις·
561 4526 596 4587 μη
619 4523 792 4589 τροςίχοντος
815 4525 837 4575 δ’
860 4525 949 4583 αὑτοῦ,
972 4525 1064 4588 συνέβη
1086 4525 1182 4583 ταύτην
1204 4525 1284 4589 ἀρχὴν
1307 4525 1422 4589 γενίσίαι

230 4614 278 4661 του
296 4610 417 4673 τολίμου.

268 4697 291 4757 h)
308 4695 379 4745 Diod.
398 4695 445 4745 Sic.
463 4694 515 4754 XV,
534 4695 573 4744 lt.
