3734 5767
1002 725 1046 790 64

470 909 636 975 iberorum
659 911 762 972 castra
786 905 979 992 Daphnaens
1002 912 1181 992 occupavit,
1206 931 1269 995 qno
1291 913 1485 975 moratium
1505 932 1623 977 secon-

425 1015 570 1082 tnlerunt
603 1012 700 1078 multi
731 1015 937 1098 Agrigentini
965 1015 1033 1101 qni,
1065 1034 1160 1101 aegre
1190 1014 1325 1080 ferentes
1356 1019 1550 1082 occasionem
1581 1017 1622 1082 ad

425 1122 534 1188 iberos
561 1120 736 1206 perdendos
767 1140 835 1184 esse
858 1122 1023 1198 omissam,
1047 1124 1196 1187 concione
1218 1124 1252 1186 in
1274 1121 1343 1186 illis
1366 1126 1478 1187 castris
1501 1124 1620 1200 habita,

426 1235 579 1315 quattuor
613 1227 718 1305 duces,
751 1246 770 1290 a
801 1225 897 1291 Mene
933 1224 1142 1294 Camuriuaeo
1172 1237 1346 1306 accusatos,
1377 1230 1496 1294 indicta
1526 1251 1621 1295 causa

427 1335 587 1422 lapidibus
616 1335 800 1399 obruerunt.
834 1333 898 1398 Uni
929 1341 1067 1411 tantum,
1100 1336 1228 1422 Argens
1257 1339 1310 1400 cui
1339 1343 1408 1401 erat
1431 1358 1555 1413 nomen,
1580 1336 1621 1401 ob

425 1441 602 1508 iuvenilem
632 1443 702 1506 sius
730 1447 868 1505 aetatem
902 1446 1138 1526 perperccrunt.
1164 1441 1329 1530 Dexippus
1351 1442 1621 1509 lacedaemonius

427 1550 696 1637 vituperationem
714 1549 815 1612 subiit
837 1545 938 1633 qnod:
963 1549 1053 1613 δοκῶν
1079 1545 1155 1613 εἶναι
1179 1555 1239 1614 πῶν
1262 1556 1437 1628 πολεμικῶν
1459 1549 1554 1630 ἔργον
1566 1551 1620 1615 οὖν

427 1653 550 1732 breem
574 1656 658 1720 τοῦτ’
682 1652 797 1733 ἔπραξε
822 1652 982 1733 προδοσίας
1006 1653 1096 1719 ἕνεκα
1109 1657 1145 1736 ¹).

473 1761 628 1829 Contione
659 1759 801 1840 dimissa,
832 1759 1024 1847 Daphnaens
1053 1761 1154 1828 altera
1181 1760 1495 1849 Carthaginiensium
1519 1768 1622 1829 castra

425 1889 611 1956 oppugnare
623 1866 793 1932 consilium
806 1869 904 1953 cepit:
915 1888 995 1953 quas
1008 1875 1117 1935 autem
1129 1891 1203 1935 cnm
1217 1870 1300 1934 fossa
1311 1868 1460 1956 valloque
1472 1872 1621 1934 munitis-

425 1979 507 2042 sima
524 1984 675 2051 cerneret,
696 1972 867 2039 consilinm
888 1978 1030 2040 mutavit
1050 1982 1082 2041 et
1097 1976 1204 2042 hostes
1216 1982 1396 2042 commeatu
1407 1975 1620 2042 intercludere

425 2085 532 2169 coepit
569 2087 736 2165 tantasque
776 2083 809 2144 iu
850 2084 1016 2166 angustias
1051 2082 1186 2147 adduxit
1220 2093 1257 2148 ut
1294 2105 1368 2149 mox
1402 2083 1487 2148 fame
1521 2080 1620 2147 multi

425 2191 602 2255 interirent.
635 2186 838 2252 Mercenariis
869 2195 996 2273 pactam
1027 2188 1090 2253 sibi
1113 2210 1296 2255 mensuram
1319 2190 1474 2254 frumenti
1492 2210 1620 2274 poscen-

426 2296 515 2361 tibus
534 2301 566 2360 st
585 2293 624 2359 ad
644 2294 876 2379 Agrigentinos
894 2315 928 2359 se
943 2298 1133 2361 transituros
1148 2295 1373 2361 minitantibus
1388 2297 1443 2362 vix
1458 2295 1620 2360 Himilear

426 2403 584 2489 persuasit
600 2405 639 2464 ut
652 2420 770 2485 paucos
786 2399 890 2465 adbuc
907 2399 975 2466 dies
990 2410 1167 2467 manerent.
1180 2402 1303 2467 Interea
1313 2402 1449 2467 navibus
1461 2401 1619 2467 Pauormo

424 2517 456 2576 et
481 2507 593 2594 Motya
615 2508 784 2583 arcessitis,
807 2508 876 2591 ipse
900 2505 1174 2592 Syracusanorum
1198 2529 1305 2585 nares,
1330 2509 1447 2594 quibus
1467 2528 1618 2594 magnam

423 2617 548 2701 copiam
578 2612 733 2678 frumenti
765 2614 983 2699 Agrigentum
1015 2613 1130 2679 advehi
1161 2618 1190 2680 ei
1215 2618 1399 2680 nuntiatum
1424 2622 1500 2698 erat,
1524 2618 1621 2680 inter·

424 2723 518 2807 oepit.
544 2719 665 2806 Magna
688 2725 818 2803 repente
841 2719 923 2784 facta
947 2726 996 2784 est
1019 2725 1231 2786 commutatio
1253 2742 1379 2797 rerum;
1403 2725 1509 2787 rictus
1531 2724 1618 2787 enim

425 2848 501 2893 cum
533 2829 565 2891 in
590 2826 669 2890 urbe
692 2824 823 2891 deiicere
845 2829 950 2911 coepit
972 2824 1128 2912 Campani
1151 2826 1189 2894 de
1213 2829 1501 2915 Agrigentinorum
1524 2828 1619 2893 rebus

423 2935 623 3019 desperantes
669 2931 850 3018 quindecim
898 2932 1027 2998 talentis
1073 2938 1216 3020 corrupti
1258 2934 1296 2999 ad
1341 2933 1620 3022 Carthaginienses

424 3044 629 3107 transierunt.
650 3037 834 3125 Dexippum
855 3061 981 3125 quoqne
998 3039 1286 3106 Lacedaemonium
1302 3041 1484 3126 quindecim
1501 3040 1621 3107 Himil—

424 3169 477 3214 oar
489 3148 665 3232 corrupisse
678 3143 796 3210 dicitnr
810 3144 954 3224 talentis;
969 3145 1157 3212 Italicorum
1170 3149 1255 3214 euim
1270 3148 1404 3213 ducibus
1416 3149 1580 3234 respondit
1590 3147 1618 3233 ¹)

425 3257 586 3341 praestare
616 3250 737 3316 beilum
767 3249 830 3317 alio
862 3253 932 3338 geri
963 3251 1042 3330 loco,
1072 3255 1245 3341 Agrigenti
1268 3256 1356 3320 enim
1378 3275 1429 3319 res
1451 3254 1490 3319 ad
1512 3257 1617 3320 vitam

425 3361 614 3426 necessarias
653 3356 794 3436 deficere,
837 3359 954 3443 quibus
990 3360 1097 3426 verbis
1130 3364 1212 3425 moti
1248 3360 1343 3425 duces
1376 3358 1617 3447 praetendentes

427 3469 486 3546 „oie
518 3463 731 3540 basanitidem
762 3464 787 3528 oi
817 3463 988 3544 ταχθέντες
1018 3472 1073 3539 τῆς
1104 3466 1298 3546 στρατηγίας
1324 3466 1447 3548 χοάνοι”
1462 3467 1487 3546 ⁸)
1510 3469 1617 3553 copias

425 3593 498 3638 suas
522 3571 561 3637 ad
584 3571 704 3636 fretum
728 3568 875 3635 Siculum
900 3571 1111 3637 abduxerunt.

470 3677 540 3744 Non
563 3678 640 3743 beeo
663 3683 782 3754 tamen,
807 3679 955 3762 quumvis
979 3681 1100 3764 gravis,
1123 3699 1219 3745 cansa
1242 3684 1309 3745 erat
1333 3700 1414 3765 qnae
1437 3680 1526 3744 urbis
1548 3701 1617 3766 per-

424 3787 541 3851 niciem
570 3781 692 3849 attulit.
715 3781 812 3848 Initio
835 3785 923 3848 euim
946 3783 1122 3850 obsidionis
1144 3787 1352 3873 Agrigentini
1372 3790 1452 3851 teste
1476 3784 1614 3851 Diodoro

425 3890 533 3958 Siculo
566 3894 666 3960 κακῶς
689 3888 957 3955 θταλλαττθντιον
980 3896 1038 3954 τῶν
1061 3892 1273 3972 Καρχηδονίων
1296 3890 1434 3971 θφθθναι
1457 3892 1615 3957 ἀπέλαυον

426 4000 480 4063 τοῦ
510 4020 545 4062 τε
569 3996 653 4062 eires
675 3996 727 4061 sai
751 3997 811 4060 τῶν
834 3993 939 4060 θλλιον
963 3996 1147 4077 ἐπιτηδείαν,
1173 3997 1222 4063 ἀεὶ
1249 3997 1465 4076 προςδοιιῶντεα
1490 3998 1615 4079 ταχέας

426 4106 609 4179 λυθήσεσθαι
639 4102 694 4176 τὴν
721 4103 895 4182 πολιορκίαν
907 4107 943 4182 ⁴).
968 4103 1046 4169 Post
1068 4111 1177 4170 autem
1200 4110 1271 4171 octo
1294 4125 1418 4171 menses
1442 4104 1617 4170 obsidionis

425 4211 624 4277 frumentum
648 4209 764 4288 deerat,
787 4230 845 4274 uec
867 4208 954 4274 nllus
976 4218 1139 4296 supererat
1162 4218 1369 4278 commeatus.
1394 4209 1489 4277 Cives
1507 4213 1616 4296 itaque

461 4412 485 4474 1)
503 4411 573 4461 Diod.
590 4411 638 4461 Sis.
656 4409 723 4468 xm,
743 4407 785 4461 87.

459 4493 483 4556 8)
504 4492 572 4542 Diod.
590 4492 638 4543 Sic.
655 4491 724 4551 xtn,
742 4491 781 4541 88.

459 4576 483 4638 8)
501 4575 571 4625 Diod.
588 4574 636 4624 Sic.
653 4575 726 4633 xlm,
744 4574 785 4623 88.

456 4661 482 4718 4)
501 4657 571 4707 Diod.
589 4656 635 4706 Sic.
653 4655 723 4716 XIII,
741 4656 782 4705 88.
