3734 5767
1020 702 1064 768 22

444 889 543 974 aeitig
574 889 636 952 mit
667 884 802 954 Croesus
825 887 968 952 erwtthnt
990 887 1103 952 wird'.
1127 887 1315 954 Fischerum
1339 891 1516 974 sequuntur
1538 885 1637 954 Sohu-

445 994 604 1080 bringius,
629 994 792 1072 Holmiua,
816 993 1022 1073 Fraomanus,
1047 993 1114 1060 alii.

490 1099 642 1165 Phalarin
666 1099 895 1187 Astypalaeam
927 1101 1076 1166 habuisse
1108 1104 1246 1187 patriam
1268 1101 1409 1187 legimus
1432 1103 1466 1165 in
1488 1099 1637 1187 epistulis

444 1228 525 1294 qnae
555 1211 625 1274 eiua
656 1210 785 1274 nomine
815 1208 972 1274 feruntur.
1003 1207 1075 1294 lpse
1105 1211 1139 1273 in
1170 1208 1307 1295 epistula
1334 1207 1397 1273 350
1420 1230 1453 1274 se
1476 1207 1635 1295 appellat:

445 1314 581 1395 Φάλαριν
606 1315 833 1389 Λεωδάμαντος
855 1315 927 1392 etta,
950 1314 1192 1380 ’Λστντιιλοιιέοι
1215 1317 1250 1382 τὸ
1274 1315 1372 1394 γένος,
1392 1314 1536 1390 πατρίδος
1561 1318 1637 1378 ἑτι·

444 1419 633 1502 arsenoires,
665 1421 749 1509 quod
779 1424 952 1507 quonimus
984 1443 1098 1488 verum
1130 1425 1172 1487 eit
1198 1422 1274 1508 quid
1299 1419 1424 1487 obstat?
1447 1420 1637 1508 Appellatur

446 1528 574 1613 quidem
606 1548 625 1592 a
654 1527 817 1593 nonnullis
849 1528 995 1608 (husun.
1029 1527 1101 1593 Ver.
1132 1527 1218 1593 Hist.
1250 1527 1309 1612 23)
1339 1529 1583 1616 Agrigentinus,
1608 1535 1640 1593 et

446 1631 556 1701 Gieero
579 1633 680 1719 (Verr.
705 1633 758 1715 IV,
784 1633 841 1714 33)
861 1633 1042 1720 Scipionem
1062 1641 1193 1700 taurum
1213 1656 1347 1700 aeneum
1367 1634 1546 1700 Phalaridis
1567 1641 1640 1720 post

447 1738 677 1828 Carthaginem
712 1739 850 1806 deletam
885 1742 1110 1827 Agrigentinis
1145 1742 1328 1808 reddentem
1365 1742 1483 1807 dixisse
1514 1741 1641 1807 eoribit:

448 1868 608 1934 „aequum
638 1869 706 1913 esse
736 1852 876 1935 eogitare
905 1847 979 1915 illos
1010 1855 1122 1914 utrum
1152 1857 1234 1913 esset
1261 1848 1371 1912 &aas
1394 1848 1508 1914 utilius
1532 1850 1639 1913 suisne

447 1957 568 2020 servire
599 1975 639 2019 an
671 1954 790 2040 populo
823 1954 966 2021 Romano
997 1955 1249 2041 obtemperare'’,
1281 1955 1335 2020 sed
1365 1962 1450 2019 reete
1481 1955 1521 2019 ad
1545 1955 1642 2020 verba

448 2059 629 2126 Phalaridis
661 2081 757 2145 snpra
785 2059 882 2126 allata
905 2062 1057 2141 (Φιὶοιοριι
1070 2060 1384 2141 -ιὶτεττειιιμένον)
1409 2060 1541 2126 adnotat
1563 2059 1642 2125 Len·

449 2163 616 2252 nepins1):
645 2165 807 2243 „Tametsi
831 2167 869 2231 ab
892 2167 964 2233 aliis
989 2170 1223 2256 Agrigentinus
1246 2168 1380 2245 dicatur,
1403 2170 1510 2253 potuit
1532 2174 1638 2232 tamen

448 2294 559 2339 revera
593 2276 729 2359 patriam
765 2274 879 2339 hahere
911 2273 1151 2361 Astypalaeam‚
1182 2278 1252 2340 sive
1281 2280 1407 2361 propter
1436 2274 1639 2361 tyrannidem

450 2402 548 2467 qnam
579 2382 752 2468 Agrigenti
782 2381 922 2447 obtinuit
953 2384 1021 2446 sive
1053 2382 1207 2468 quodibi
1230 2387 1301 2468 post
1324 2382 1437 2469 fugam
1459 2380 1535 2447 exul
1557 2401 1641 2446 eom·

449 2493 592 2553 moratus
622 2489 674 2563 eit,
708 2490 960 2574 Agrigentinum
991 2489 1138 2553 habitum
1168 2488 1267 2554 fuisse
1297 2489 1452 2554 statuas”.
1485 2489 1641 2574 Agrigen-

450 2597 558 2659 tinum
588 2614 663 2658 eum
695 2615 759 2659 non
789 2595 888 2659 fuisse
912 2598 979 2660 iam
1005 2595 1064 2659 hoe
1088 2596 1201 2680 prohat
1223 2595 1308 2680 quod
1331 2595 1442 2660 decem
1464 2597 1526 2658 iam
1551 2596 1642 2659 annis

450 2706 523 2786 post
553 2701 772 2786 Agrigentum
803 2700 968 2765 eonditum
991 2702 1159 2788 tyrannide
1182 2705 1305 2787 potitus
1328 2707 1386 2767 eet.
1411 2699 1540 2777 Contra,
1564 2699 1643 2764 Pha

449 2807 532 2872 laria
554 2805 796 2871 Ἀστυπαλαιέα
819 2807 917 2872 fuisse
949 2806 983 2871 τὸ
1015 2807 1100 2886 γένος
1124 2829 1161 2874 eo
1184 2812 1289 2895 magis
1312 2807 1462 2873 eredibile
1485 2815 1535 2873 est
1558 2807 1642 2893 quod

450 2916 536 2978 inter
554 2910 682 2977 eolonos
702 2909 853 2978 tielenses
871 2912 991 2979 multoe
1010 2915 1109 2979 fuisse
1129 2913 1268 2980 Rhodios
1284 2920 1316 2979 et
1331 2912 1449 2980 ineolss
1463 2912 1641 2979 insularum

455 3018 566 3086 Rhodo
590 3021 771 3084 vicinarum
793 3027 928 3085 constat,

498 3127 661 3212 Perpauoa
692 3132 821 3191 tantum
851 3126 890 3192 de
921 3126 1091 3193 Phalaride
1122 3135 1154 3192 et
1181 3127 1219 3192 de
1242 3129 1336 3193 rebus
1359 3129 1399 3193 ab
1422 3149 1458 3193 eo
1480 3129 1583 3214 gestis
1605 3126 1645 3192 ad

453 3255 510 3301 nos
540 3240 763 3319 pervenerunt.
794 3232 889 3298 Fines
919 3236 1209 3320 Agrigentinorum
1239 3255 1314 3300 eum
1345 3256 1408 3300 non
1436 3236 1503 3299 eine
1526 3254 1644 3320 magno

451 3339 639 3406 Sicanorum
670 3339 785 3409 damno
815 3340 993 3406 extendisse
1024 3347 1153 3426 apparet
1190 3362 1228 3405 ex
1251 3344 1292 3405 iis
1314 3362 1394 3427 quae
1417 3340 1535 3405 tradita
1556 3342 1644 3405 inve

454 3449 562 3513 nimus
584 3446 668 3532 apud
680 3445 881 3534 Polyaenum
894 3446 930 3527 2).
948 3445 1010 3512 Sed
1026 3455 1138 3512 utrum
1157 3447 1328 3513 Leontinos
1340 3444 1367 3523 3)
1379 3452 1411 3511 et
1423 3446 1608 3511 Himeraeos
1620 3444 1648 3524 4)

488 3651 512 3712 1)
529 3649 669 3700 Phalaridis
692 3646 826 3714 Epistolae,
850 3664 910 3713 qaas
938 3646 1038 3698 Latinas
1067 3648 1125 3698 lecit
1147 3654 1172 3698 et
1195 3647 1345 3713 interpositis
1367 3645 1450 3696 Caroli
1475 3645 1550 3711 Boyle
1572 3644 1644 3704 notis,

453 3732 627 3784 sommantario
650 3730 786 3781 illustravit
808 3729 915 3779 Josnnes
938 3729 1027 3780 Daniel
1050 3729 1064 3778 h
1086 3730 1192 3795 Lennep.
1213 3730 1312 3779 Mortuo
1334 3729 1464 3794 Lennepio,
1488 3730 1560 3777 finem
1577 3728 1644 3793 operi

453 3815 578 3883 imposuit,
603 3814 779 3881 praelationem
802 3819 827 3862 et
851 3813 1021 3862 adnotationes
1044 3813 1162 3878 quasdam
1185 3813 1298 3878 praefixit
1320 3811 1346 3862 L.
1365 3811 1392 3862 C.
1411 3810 1570 3861 Valelxsnaer.
1587 3811 1646 3860 Gro-

453 3902 548 3965 ningaa,
566 3899 631 3965 apud
648 3897 768 3948 Jaoobum
785 3897 851 3946 Bolt.
868 3895 923 3945 clo
941 3896 1017 3949 locc
1033 3895 1153 3948 axxvlr.
1270 3896 1295 3957 2)
1310 3895 1426 3960 Polyaen.
1446 3894 1473 3943 V.
1492 3895 1514 3944 1.
1533 3894 1547 3943 8
1564 3900 1590 3944 st
1605 3897 1630 3944 4.

487 3984 512 4045 8)
529 3982 701 4032 Leontinorum
725 3980 809 4029 urbem
831 3979 950 4029 Phalarin
972 3995 1121 4044 expugnasse
1143 3979 1214 4028 hodie
1238 3994 1308 4028 nemo
1334 3978 1418 4028 eredit.
1445 3976 1592 4027 Frsemsaus
1614 3981 1647 4038 (o.

453 4066 472 4115 1.
496 4065 522 4114 11
545 4081 568 4130 p.
594 4063 652 4125 467)
670 4063 700 4112 de
716 4063 763 4112 hae
781 4078 807 4111 re
823 4061 920 4112 soribit:
941 4061 1007 4121 „The
1024 4061 1080 4127 only
1099 4062 1184 4111 actual
1200 4061 1308 4111 mention
1326 4062 1354 4109 oi
1369 4078 1383 4109 a
1398 4066 1514 4124 conquest
1531 4061 1558 4109 oi
1573 4059 1649 4109 Leon·

453 4147 516 4198 tinoi
541 4147 573 4212 hy
597 4145 711 4195 Phalaris
736 4161 815 4194 eomes
840 4160 867 4193 as
893 4160 925 4193 an
952 4144 1110 4209 explanation
1136 4146 1163 4194 ol
1187 4162 1202 4193 a
1228 4144 1348 4209 proverb.:
1379 4141 1419 4192 set
1443 4143 1569 4191 Λεοντῖνοι
1593 4140 1648 4204 περὶ

454 4232 582 4293 κρητῆρας.
606 4232 644 4280 On
667 4228 717 4280 this
739 4229 782 4278 the
803 4235 969 4293 commentary
992 4229 1019 4276 oi
1039 4228 1153 4277 Arsanias
1176 4227 1227 4290 (22)
1253 4228 1287 4278 is:
1305 4223 1348 4275 tet
1364 4230 1414 4275 aaa
1431 4223 1472 4274 risi
1489 4225 1543 4282 τοῖς
1559 4222 1647 4282 altreie

455 4310 610 4376 ἔγκιιμένοιν.
623 4313 648 4361 et
660 4313 709 4375 γὰρ
719 4312 844 4361 Λεοντῖνοι
857 4308 911 4372 περὶ
922 4311 1004 4359 νιότιον
1020 4306 1174 4375 ἐσχόλαζον.
1193 4311 1346 4371 Φάλαρις
1364 4306 1385 4357 δ’
1395 4325 1412 4356 ιι
1421 4306 1434 4356 ὑ
1443 4325 1481 4357 το
1492 4308 1506 4356 ὸ
1517 4324 1528 4364 c
1545 4325 1560 4355 ιι
1568 4323 1611 4355 ιιτ
1620 4323 1647 4355 a·

455 4394 645 4457 erasmiana
667 4393 703 4451 sla
726 4393 786 4450 τοὺς
810 4395 929 4454 κρητῆρας
954 4390 1057 4454 ἔρριψεν,
1082 4384 1173 4455 ἀφόὗ
1191 4390 1205 4448 ἦ
1223 4389 1560 4453 supergradiamini.
1578 4391 1640 4454 App.

456 4478 504 4528 vn
519 4480 550 4528 ad
569 4478 618 4528 vol.
635 4478 669 4528 11.
687 4476 765 4543 Epist.
783 4475 855 4525 Phsl.
874 4476 980 4525 al-at.

488 4565 514 4625 4)
532 4561 582 4627 Qui
595 4561 737 4611 Himeraeos
757 4559 779 4609 si
797 4558 914 4609 obnoxios
931 4558 1006 4608 fuisse
1023 4559 1173 4609 mntsndunt
1193 4557 1305 4608 nituntur
1321 4556 1396 4608 Arist.
1414 4556 1485 4606 Rhet.
1502 4554 1528 4604 11
1546 4554 1586 4606 20.
1604 4554 1642 4605 Ol.

455 4644 572 4696 Praemaa
590 4661 613 4696 o.
631 4644 649 4694 l.
667 4642 693 4693 11
710 4659 734 4709 p.
752 4642 810 4692 406.
