3734 5767
814 739 857 808 27

244 924 341 990 fuisse
371 923 649 991 verisimillimum
679 931 729 991 est
758 931 791 992 et
820 925 890 990 fieri
912 929 1017 1010 potest
1040 928 1079 989 ut
1102 929 1213 990 taurus
1237 946 1254 990 a
1276 924 1434 1011 Scipione,

245 1029 438 1119 Carthagine
468 1038 569 1117 oapta,
602 1035 820 1119 Agrigentum
848 1038 1050 1097 transvectus
1080 1054 1136 1118 pro
1165 1031 1337 1109 „Molooh”
1362 1030 1436 1098 (lar-

246 1138 500 1224 thaginiensium
523 1141 566 1203 sit
589 1139 764 1204 habendus.

288 1244 361 1309 Non
379 1246 484 1331 igitur
502 1252 551 1309 est
570 1266 627 1311 our
642 1245 808 1311 credamus
820 1244 973 1310 Phalarin
994 1242 1184 1310 erudelitate
1196 1243 1330 1309 ductum
1343 1246 1437 1309 vivos

244 1350 390 1416 homines
413 1371 509 1416 aeneo
533 1359 625 1416 tauro
649 1354 818 1428 torruisse;
839 1350 915 1416 feeit
934 1354 1041 1435 potius
1060 1356 1098 1415 ut
1117 1372 1204 1415 mors
1223 1353 1436 1435 institutoque

244 1459 406 1522 maiorum
440 1455 536 1522 deum
571 1456 745 1534 „Molooh”
782 1455 908 1522 coleret.
945 1455 1162 1521 Nihiloseoiue
1197 1456 1339 1521 dubitari
1372 1477 1436 1522 non

245 1568 351 1648 potest
374 1564 451 1649 quin
464 1562 610 1629 Phalaris
634 1584 876 1649 nonnumquam
895 1562 1158 1628 crudelissimum
1176 1584 1210 1628 se
1231 1565 1436 1649 praestiterit,

245 1690 359 1736 rerum
383 1672 487 1735 omnis
511 1670 721 1735 humanitatis
744 1677 777 1735 et
796 1672 941 1736 iustitiae
964 1691 1040 1736 eum
1063 1692 1125 1736 non
1149 1671 1247 1735 fuisse
1271 1675 1435 1756 expertem

245 1776 337 1842 dooet
367 1775 499 1842 faubula
526 1775 584 1841 illa
614 1776 652 1841 de
682 1780 850 1843 inventore
883 1778 969 1842 tauri
992 1779 1078 1841 iusta
1100 1797 1200 1862 poena
1223 1776 1343 1858 affecto,
1368 1796 1437 1841 neo-

246 1886 354 1949 minus
385 1890 517 1969 apparet
545 1885 647 1949 exiis
671 1904 752 1970 quae
775 1882 874 1948 tradit
897 1882 1052 1949 Aelianus
1076 1882 1118 1949 Π.
1143 1882 1185 1965 4.,
1211 1884 1266 1948 ubi
1291 1889 1438 1948 narratur

246 1989 426 2056 Phalaridis
444 1990 531 2068 ἔργον
550 1991 583 2054 οὐ
606 1992 700 2065 μάλα
726 1990 827 2069 ἐκείνῳ
851 1990 984 2062 oriundae.
1009 1989 1215 2076 Melanippus
1239 1989 1371 2076 quidam
1395 1990 1436 2054 ob

246 2100 400 2163 iniurium
430 2119 449 2162 a
479 2103 616 2183 tyranno
647 2098 709 2162 sibi
735 2096 862 2163 illatam
886 2097 1057 2163 eonsilium
1081 2097 1263 2184 tyrannidis
1287 2096 1437 2162 delendae

246 2206 370 2269 inierat.
404 2203 611 2289 Propositum
642 2224 717 2268 oum
748 2206 851 2269 amieo
882 2225 940 2269 suo
971 2200 1143 2270 Charitone
1173 2204 1437 2279 communicavit,

247 2312 299 2376 oui
332 2315 371 2374 ut
400 2330 509 2374 seeum
548 2315 715 2396 perageret
745 2309 838 2375 facile
880 2312 1054 2395 persuasit3
1090 2309 1216 2376 dicebat
1247 2312 1333 2375 enim
1358 2307 1438 2375 (lha-

248 2421 330 2483 riton
361 2416 552 2482 iamdudum
583 2417 644 2481 sibi
674 2437 742 2482 esse
764 2420 798 2481 in
822 2420 929 2482 animo
953 2420 1090 2502 patriam
1112 2419 1242 2505 tyranni
1260 2419 1340 2504 iugo
1360 2414 1438 2481 libe

249 2544 327 2601 rare,
348 2521 431 2598 ἦξίου
451 2521 483 2587 δὲ
501 2523 614 2604 (verba
632 2530 708 2588 sunt
728 2522 868 2609 Aeliani)
888 2524 940 2587 τὸν
960 2525 1166 2588 Μελοίνιττίν
1187 2525 1213 2589 οί
1233 2530 1436 2605 συγχωρῆσαι

250 2631 322 2711 ὑπὲρ
353 2628 465 2695 τούτων
497 2630 710 2710 ιὶκριβίστερον
740 2630 969 2710 διασκέψασθαι
1001 2632 1053 2694 καί
1084 2632 1175 2695 ἕαται
1204 2627 1435 2710 παραφυλάξαι

248 2736 297 2801 τίν
339 2737 446 2818 χρόνον
488 2735 538 2800 τίν
582 2736 750 2811 ίτιτιίδενον
792 2738 834 2807 τίς
870 2740 925 2812 τὴν
960 2738 1079 2815 τροὶξιν.
1120 2736 1229 2822 Pergit
1265 2735 1435 2800 Aelianus:

250 2842 448 2926 Συνοχιίριςσε
473 2842 507 2907 τί
530 2841 694 2922 μιιροίκιον.
721 2842 773 2925 ἐφ’
799 2845 908 2908 ἑαυτοῦ
928 2847 1027 2908 τοίνυν
1047 2843 1060 2907 ί
1083 2845 1219 2921 Χαρίτων
1238 2842 1435 2919 βαλλόμενος

247 2951 281 3016 τί
311 2953 375 3015 τᾶν
406 2949 557 3027 τίλμιρμα
583 2950 634 3015 καί
659 2950 793 3015 κοινωνὸν
813 2953 909 3015 αὑτοῦ
934 2953 978 3027 μίς
1003 2951 1134 3025 ίιλιίτας
1161 2949 1362 3025 παραλαβεῖν
1384 2950 1435 3013 τίν

247 3057 388 3136 ίρωμινον
418 3052 454 3121 ἵν’
486 3060 511 3121 εί
543 3056 778 3136 καταφωραίιίς
811 3056 904 3127 αὖτίς
939 3055 1047 3135 ὑτίχοι
1079 3059 1134 3129 σὺν
1168 3055 1252 3128 δίκην
1280 3055 1368 3120 aiut
1391 3057 1435 3129 μίρ

247 3166 298 3229 καί
331 3164 439 3228 ἐκεῖνον
469 3165 510 3237 τίς
533 3164 576 3228 τοί
600 3165 684 3229 αὐτὰ
710 3163 859 3241 ἐμβάλοι.
882 3163 997 3228 Ἠνίκα
1021 3159 1069 3229 οὖν
1095 3162 1189 3227 ἐδόκει
1214 3170 1315 3233 καλῶς
1342 3161 1436 3241 ἔχειν,

247 3270 427 3352 ἐγχειρίδιον
466 3270 574 3347 λαβὼν
614 3273 738 3349 ωρμῖιτο
781 3271 831 3335 ίτί
866 3272 917 3335 τίν
960 3270 1112 3347 τύραννον.
1156 3272 1203 3334 Οὐ
1238 3271 1298 3346 μὴν
1335 3266 1437 3346 ἓλαίε,

248 3376 453 3458 κατεφωροίίιρ
485 3376 528 3455 δέ,
561 3377 642 3441 τιίνυ
666 3379 787 3458 σφόδρα
810 3383 867 3442 τῶν
891 3377 1056 3458 δορυφίρων
1082 3377 1215 3455 ἀκριβῶς
1240 3376 1283 3441 τοὶ
1307 3380 1437 3442 τοιαῦτα

247 3484 480 3566 Φυλαττίντων.
506 3484 697 3562 Ἐμβλνίείς
722 3484 748 3550 δ’
770 3484 827 3548 ὑπο
848 3489 902 3549 τοῦ
924 3483 1093 3563 Φαλάριδος
1116 3486 1157 3555 τίς
1179 3485 1213 3547 τὸ
1235 3483 1437 3562 δεσμωτήριον

249 3592 300 3657 καί
338 3591 580 3670 στρεβλούμενος
617 3589 653 3655 ἵν’
689 3589 760 3672 είτρ
794 3590 864 3664 τοὺς
896 3590 1137 3669 συνεγνωκότας,
1173 3591 1186 3656 ί
1223 3591 1436 3668 δ’ἐνεκαρτίροι

249 3698 300 3763 καί
326 3699 441 3771 ἐνιίίλει
467 3704 537 3767 ταῖς
562 3696 724 3773 βασοίνοις.
754 3697 844 3763 'Euri
869 3697 899 3762 δί
924 3697 1039 3777 μακρίν
1062 3703 1151 3762 τοῦτο
1176 3692 1209 3769 ἦν
1232 3696 1246 3760 α’
1271 3697 1438 3762 Μελανιτ·

248 3829 303 3876 τος
334 3801 402 3880 ἧκον
427 3803 477 3867 iet
503 3802 554 3867 τὸν
577 3803 714 3883 Φοίλαριν
738 3805 791 3869 καί
815 3805 1012 3881 ὡμολόγησεν
1035 3806 1067 3869 οὗ
1092 3804 1181 3878 μίνον
1204 3805 1336 3874 κοινωνὸς
1360 3797 1437 3867 τίνας

248 3914 290 3993 τῷ
315 3913 462 3990 Χαρίτωνι
486 3916 542 3983 τῆς
563 3908 684 3987 βοωλιῑς
705 3911 792 3976 ἄλλα
812 3912 863 3975 καί
885 3911 978 3982 αὖτίς
999 3908 1090 3990 ἄρξαι
1111 3919 1166 3983 τοῖς
1185 3910 1351 3987 ἐπιβουλῆς
1357 3956 1438 3976 .....

249 4018 428 4095 Θαυμοίτας
459 4012 508 4083 οὖν
540 4017 734 4099 ἀμφοτέρους
761 4018 866 4097 α’Φιῑκε
895 4027 950 4092 τῆς
975 4019 1120 4096 τιμωρίας
1146 4014 1320 4095 τροςτοίξας
1345 4015 1440 4090 addai-

247 4149 334 4203 μορον
367 4125 514 4189 οξτιλίιίν
546 4127 590 4200 μὴ
621 4124 710 4200 μόνον
743 4132 798 4195 τῆς
830 4125 1082 4205 Ἀκραγαντίνων
1114 4123 1232 4195 τίλεως
1265 4122 1353 4186 ἄλλοι
1387 4122 1438 4185 καί

247 4241 302 4304 τῆς
336 4231 496 4302 Σικελίας.
532 4234 730 4312 Συνοχώρντν
763 4230 790 4293 δ’
822 4232 926 4301 αὐτοῖς
952 4233 993 4296 τοὶ
1019 4229 1081 4295 iiia
1108 4231 1213 4294 δίκαια
1239 4229 1438 4308 καρτοῦτίαι.

249 4337 336 4403 Haeo
361 4358 424 4422 quo
447 4358 528 4403 enno
552 4337 636 4403 faeta
659 4339 724 4401 sint
747 4344 880 4422 apparet
904 4358 944 4402 ex
967 4335 1093 4401 Aeliani
1117 4334 1155 4400 ir.
1180 4357 1206 4400 s.
1227 4357 1259 4400 v.
1286 4333 1439 4417 ἀναβολή,

248 4445 306 4510 ubi
336 4444 414 4509 haeo
445 4446 563 4530 scripta
587 4443 750 4508 videmus:
778 4442 893 4519 Λοξίας
918 4444 1027 4508 δὲκαὶ
1052 4444 1130 4513 Ζεὺς
1155 4446 1256 4519 τοιτλρ
1282 4439 1441 4517 ἀναβολὴν

249 4549 380 4615 ίανοίτου
414 4549 563 4632 Φαλαρίδι
594 4550 788 4628 ἐψηφίσαντο
813 4549 880 4623 ἔτιρ
907 4548 973 4614 δύο
999 4548 1063 4613 avt’
1089 4544 1125 4612 ὦν
1151 4548 1266 4626 ἡμέρως
1293 4548 1440 4628 Χαρίτωνι

250 4658 302 4725 καί
327 4657 525 4740 Μολανίττιρ
548 4657 740 4738 τροςενίχίιρ.
