3734 5767
804 736 847 801 69

224 922 362 1005 patriam
378 917 561 1004 reliquerat,
583 921 796 1008 Agrigentum
819 919 1417 1009 radunitnovosquecolouosMegelio

224 1040 256 1090 et
286 1025 432 1091 Pheristo
463 1024 598 1091 ducibus
629 1029 662 1091 in
692 1028 770 1094 urbe
797 1027 975 1104 collocavit,
1004 1048 1103 1114 quare
1133 1027 1214 1093 alter
1236 1028 1417 1115 appellatur

223 1133 313 1198 urbis
337 1130 481 1197 conditor
496 1135 530 1196 't

268 1238 368 1304 Paulo
387 1250 459 1324 post
477 1259 587 1325 pacem
607 1239 723 1305 factam
744 1241 953 1328 Agrigentini
972 1261 1046 1306 cum
1066 1238 1274 1327 Syracusanis
1294 1238 1414 1305 bellum

223 1348 358 1433 gessisse
381 1352 513 1432 apparet
536 1367 553 1412 e
576 1345 708 1412 Diodori
728 1346 818 1426 XIX,
839 1347 870 1427 3,
891 1347 929 1413 de
948 1369 1011 1433 quo
1030 1354 1139 1413 tamen
1158 1346 1239 1412 nihil
1259 1347 1414 1413 traditum

222 1455 416 1519 invenimus.

268 1560 346 1624 Post
368 1558 572 1645 tyrannidem
591 1560 631 1624 ab
650 1558 827 1647 Agathocle
847 1560 1015 1646 Syracusis
1034 1565 1219 1646 occupatam
1240 1558 1338 1625 multi
1357 1561 1413 1645 qui

223 1668 339 1752 iugum
369 1664 549 1753 tyrannidis
580 1665 660 1731 ferre
689 1664 821 1745 nollent,
848 1666 1021 1754 Syracusas
1043 1665 1241 1752 reliquerunt
1264 1671 1296 1731 et
1319 1667 1414 1753 Agri·

222 1779 358 1860 gentum
392 1792 426 1837 se
459 1770 673 1850 coutulerunt,
708 1776 800 1838 cuius
823 1774 912 1839 urbis
935 1774 1048 1839 incolis
1082 1781 1119 1837 ut
1152 1794 1261 1838 secum
1289 1770 1413 1838 bellum

225 1876 393 1965 Agathocli
411 1877 586 1944 indicerent
605 1886 831 1963 persuaserunt
843 1879 880 1960 ²).
900 1879 962 1945 His
981 1901 1014 1945 se
1033 1879 1246 1944 adiunxerant
1262 1876 1413 1945 Gelenses

223 1991 255 2051 et
285 1984 450 2050 Messanae
480 1983 613 2050 incolae.
636 1983 759 2051 Ducem
782 1990 971 2051 creaverunt
994 1987 1183 2051 Acrotatum
1206 1984 1414 2051 Lacedaemo·

223 2094 314 2156 nium
328 2089 352 2172 3)
383 2089 564 2159 Cleomenis
587 2091 703 2170 filium,
728 2112 824 2177 quem
849 2091 941 2159 facile
954 2090 981 2179 ⁴)
1004 2092 1103 2179 legati
1127 2093 1166 2158 ab
1190 2093 1414 2179 Agrigentinis

223 2199 313 2263 missi
337 2203 508 2263 moverunt
530 2205 568 2263 ut
590 2219 750 2264 summam
774 2201 903 2285 imperii
927 2204 1058 2266 teneret.
1082 2203 1253 2264 Acrotatus
1275 2198 1413 2264 naribos

220 2305 387 2369 instructis
429 2306 645 2390 Agrigentum
679 2326 810 2370 cursum
841 2306 969 2382 direxit,
1001 2304 1056 2371 sed
1087 2312 1275 2391 tempestate
1308 2306 1414 2370 subito

222 2415 327 2476 coorta
365 2408 489 2475 delatus
527 2413 670 2497 primum
711 2409 916 2498 Apolloniam
956 2415 1046 2478 venit
1079 2410 1191 2478 deinde
1224 2411 1412 2477 Tarentum.

221 2515 408 2582 Tarentinos
430 2522 601 2604 postquam
624 2538 721 2584 naves
740 2524 776 2583 ut
796 2521 1014 2604 Agrigentum
1033 2521 1200 2584 mitterent
1208 2520 1235 2598 ⁵)
1256 2520 1414 2603 persuasit

221 2621 357 2688 'Parente
379 2622 478 2688 solvit
500 2631 531 2689 et
554 2623 650 2710 paulo
672 2631 746 2710 post
766 2626 985 2712 Agrigentum
1005 2626 1103 2708 veuit,
1125 2625 1181 2688 ubi
1200 2644 1318 2711 magno
1337 2644 1412 2689 cum

220 2729 339 2816 gaudio
362 2751 437 2795 eum
460 2738 653 2816 exceperunt
676 2735 762 2797 cives
784 2738 817 2797 et
839 2731 1032 2818 Syracusani
1055 2728 1174 2796 exules.

268 2834 498 2903 Verumtamen
520 2858 609 2923 spem
629 2839 917 2925 Agrigentinorum
939 2841 1108 2903 Acrotatus
1127 2836 1252 2902 fefellit.
1272 2838 1413 2903 Pecunia

222 2944 307 3008 enim
341 2944 381 3009 ad
416 2943 537 3009 bellum
571 2945 750 3032 gerendum
784 2946 943 3011 destinata
978 2946 1178 3022 abutebatur,
1214 2943 1346 3009 delicate
1381 2950 1413 3009 et

221 3047 362 3114 molliter
394 3050 534 3129 vivebat,
570 3050 690 3117 multos
725 3052 763 3118 de
796 3053 901 3118 medic
937 3050 1008 3118 tolli
1041 3051 1183 3125 iubebat,
1208 3049 1412 3139 tyrannidem

220 3155 363 3223 affectare
405 3156 585 3225 videbatur.
621 3161 726 3247 Aegre
761 3160 904 3227 ferebant
938 3163 1041 3239 cires;
1078 3158 1206 3225 tandem
1242 3157 1412 3224 Sosistrato

257 3435 280 3496 l)
296 3434 362 3486 Plot.
379 3435 429 3485 vis
447 3434 510 3484 iim.
527 3436 568 3485 85.
584 3436 644 3485 Post
659 3452 744 3502 pacem
762 3438 852 3488 iactam
868 3437 946 3487 denno
963 3437 1047 3486 florere
1060 3436 1140 3502 coepit
1154 3435 1217 3485 urbs.
1232 3433 1335 3499 Templa
1350 3450 1412 3498 quae

221 3516 433 3582 Carthaginienses
457 3534 571 3583 magnam
596 3526 690 3584 partem
716 3520 826 3570 incendio
853 3519 993 3570 deleverant
1018 3536 1046 3569 eo
1073 3526 1180 3584 tempora
1205 3517 1327 3577 restituta,
1349 3532 1413 3566 nors

222 3600 297 3650 ctiam
313 3601 409 3666 aliquot
425 3607 547 3652 exstructa
562 3609 627 3661 sunt,
644 3602 707 3652 inter
724 3619 786 3667 quaa
803 3609 839 3652 est
855 3602 985 3668 Templum
1003 3601 1136 3667 Hephaesti
1150 3601 1214 3667 quod
1223 3602 1286 3651 inter
1293 3600 1412 3666 piscinam

224 3689 248 3733 et
271 3682 378 3749 Hypsam
401 3684 501 3733 flurium
524 3692 584 3735 erat.
601 3685 753 3750 (Schubring.
771 3702 793 3735 o.
810 3686 827 3735 l.
846 3702 869 3751 p.
888 3685 935 3745 70).
955 3685 1040 3734 Eidem
1058 3685 1164 3750 tempori
1181 3684 1339 3733 adscribenda
1355 3689 1413 3732 sunt

223 3775 404 3817 monumentum
428 3769 493 3832 quod
510 3768 599 3817 dicitur
615 3767 733 3817 'l'hsronis
750 3767 824 3833 (quod
840 3767 1016 3831 Schuhringius
1033 3785 1076 3833 pro
1093 3767 1238 3832 cenotaphio
1252 3766 1414 3816 Timoleontis

222 3849 313 3912 habet),
336 3857 361 3900 et
382 3858 567 3901 monumentum
591 3850 655 3915 qnod
679 3851 751 3900 hodie
773 3851 913 3916 appellatur
937 3850 1055 3916 „Capella
1071 3850 1096 3899 di
1113 3849 1243 3900 Phalaris’'
1259 3848 1411 3912 (Schubring.

222 3948 244 3982 c.
262 3933 280 3982 1.
297 3950 321 3998 p.
342 3932 458 3996 tta—tc).

254 4016 280 4076 2)
296 4015 369 4066 Diod.
387 4016 434 4066 Sic.
453 4016 518 4074 xix,
534 4015 574 4068 70.

255 4097 279 4160 d)
295 4097 369 4149 Diod.
391 4099 438 4148 Sic.
461 4098 526 4158 xlx,
545 4098 584 4151 70.
602 4100 666 4157 Τοὺς
683 4101 732 4162 γὰρ
750 4098 894 4156 πολιτικοὺς
911 4096 1057 4147 νίπιίππινον
1072 4096 1103 4156 ὃς
1118 4097 1194 4155 ’ὄντας
1207 4097 1309 4154 οίκείοας
1326 4112 1414 4156 τνραν-

220 4176 291 4236 νίδος,
314 4180 374 4238 τοὺς
396 4178 419 4229 δ’
432 4179 518 4245 ’ίξαίιν
541 4179 718 4244 ὑπιλιίμβανον
742 4179 840 4239 δικαίως
865 4179 1010 4239 ποιιίσισίαι
1033 4180 1080 4237 τὴν
1102 4186 1150 4229 τῶν
1173 4180 1235 4229 ίλαν
1259 4175 1413 4240 ἐπιμίλοιαν,

220 4259 461 4324 ἀναμιμνησκόμενοι
478 4266 526 4322 τῆς
542 4261 708 4325 Τιμολέοντος
725 4266 771 4313 τοί
788 4263 908 4325 Κορινθίου
927 4264 1095 4326 στρατηγίας.

254 4348 279 4407 4)
298 4345 367 4395 Diod.
389 4345 436 4396 Sic.
461 4345 526 4405 XIX,
550 4346 582 4399 70
600 4385 606 4395 .
624 4384 631 4397 .
651 4383 657 4396 .
674 4338 741 4409 οὖρον
763 4346 848 4412 (legati
870 4348 901 4397 sb
923 4346 1089 4412 Agrigentinis
1105 4345 1181 4405 missi,
1199 4349 1242 4408 so.)
1260 4344 1412 4405 Ἀκρότατον

222 4428 265 4477 τὸν
295 4427 448 4488 Κλσομίνονς
479 4431 525 4477 ποί
551 4427 677 4491 βασιλέως
701 4429 752 4478 vids
777 4432 968 4492 προςκεκοφίτα
989 4432 1093 4488 πολλοῖς
1116 4434 1166 4478 τῶν
1189 4428 1254 4486 slas,
1277 4425 1332 4476 nai
1360 4423 1412 4474 dcis

224 4514 323 4561 τοῦτο
345 4512 475 4576 ξενικῶν
498 4510 698 4574 πραγμάτων
722 4511 929 4575 ὀρεγόμενον.
948 4551 954 4561 .
972 4551 979 4562 .
998 4551 1004 4563 .
1022 4514 1070 4562 Δια
1093 4514 1178 4561 ταῦτα
1197 4509 1227 4569 δὴ
1246 4511 1340 4580 ξενικῆς
1356 4506 1413 4575 ἥγε·

224 4594 311 4655 μανίας
327 4589 451 4653 instruar
467 4591 581 4655 ἆσμίνιις
598 4590 724 4651 ὑπήκουσε
740 4595 794 4652 τοῖς
812 4593 1022 4658 Ἀκραγαντίνοις.

261 4679 284 4738 t)
304 4675 372 4727 Diod.
389 4676 436 4726 Sic,
454 4676 519 4734 xlx,
536 4675 569 4728 70
585 4676 602 4726 i.
616 4678 632 4726 i.
