3734 5767
823 751 865 819 57

245 956 330 1001 rasse
348 934 499 1001 videntur
516 932 789 1022 Syracusanorum
805 936 841 1015 ¹),
860 936 916 1021 qui
936 933 1073 999 Bolcone
1093 933 1340 1020 duceMotyum
1353 954 1440 999 exer·

245 1045 348 1108 citum
367 1044 536 1107 miserunt.
557 1040 669 1108 Victus
690 1064 708 1108 a
727 1042 863 1108 Decetio
883 1040 1005 1107 Bolcon
1023 1063 1098 1107 cum
1118 1062 1175 1127 pro
1195 1040 1293 1107 cladis
1313 1046 1440 1133 auctore

246 1150 417 1214 haberetur
435 1149 638 1228 (accusabant
656 1152 742 1214 enim
762 1169 839 1214 eum
860 1148 959 1230 λάθρα
978 1147 1192 1234 συμπράττειν
1212 1150 1254 1228 τῷ
1271 1146 1439 1228 Δονκοτίρ)

246 1254 403 1342 supplicio
433 1254 592 1321 multatus
611 1263 670 1321 cst.
695 1255 811 1321 Hiems
834 1277 909 1321 cum
932 1257 1066 1320 instaret
1089 1254 1283 1341 Syracusani
1307 1254 1440 1319 domum

246 1367 456 1438 reverterunt,
479 1364 611 1426 ineunte
635 1370 744 1427 antem
769 1367 888 1427 aestate
912 1359 1037 1426 bellum
1058 1363 1327 1428 instauraverunt.
1348 1362 1442 1447 Agri·

247 1470 373 1554 genuini
390 1466 545 1555 Motyum
564 1468 744 1545 castellum,
764 1469 849 1555 quod
865 1489 884 1534 a
900 1468 1035 1534 Ducetio
1053 1468 1210 1553 praesidio
1225 1467 1440 1551 tenebatur²)‚

248 1580 524 1660 expugnaverunt,
547 1572 741 1661 Syracusani
763 1573 881 1640 Siculis
907 1574 992 1660 apud
1014 1575 1135 1640 Nomas
1149 1571 1174 1654 ³)
1197 1594 1331 1660 gravem
1354 1576 1440 1638 intu-

247 1678 355 1745 lerunt
376 1678 510 1756 cladem,
534 1700 597 1765 qua
620 1687 748 1767 accepta
771 1680 915 1766 plerique
939 1679 1040 1745 Siculi
1055 1679 1440 1746 incastellasuasereoe-

247 1793 372 1872 parunt,
396 1788 491 1872 pauci
514 1792 642 1852 tantum
665 1787 760 1852 fidem
784 1806 862 1875 erga
883 1787 998 1852 ducem
1022 1793 1239 1852 seruauerunt.

292 1892 330 1958 In
360 1899 450 1958 tanta
472 1914 581 1958 rerum
603 1896 786 1980 iniquitate,
810 1900 886 1973 (non
909 1894 1005 1959 modo
1029 1896 1116 1959 enim
1139 1893 1236 1959 multi
1259 1914 1335 1959 eum
1357 1892 1442 1959 dese·

248 2005 377 2065 ruerant
407 1999 463 2064 sed
491 2003 590 2066 etiam
620 2000 755 2066 insidiae
787 2003 818 2066 ei
848 2002 1078 2082 struebantur),
1102 2000 1257 2067 Ducetiue
1284 2000 1441 2067 derebus

249 2109 315 2172 suis
344 2105 508 2191 desperare
538 2110 650 2194 coepit.
682 2106 828 2173 Salutem
858 2111 967 2194 itaque
992 2129 1010 2173 a
1034 2109 1211 2174 victoribus
1240 2113 1347 2194 petere
1370 2128 1441 2173 oon·

249 2215 357 2279 stituit
389 2219 422 2279 et
451 2219 547 2279 noctu
579 2213 752 2301 Syracusas
778 2215 875 2302 fugit,
900 2234 963 2301 quo
984 2235 1059 2280 cum
1081 2217 1222 2280 venisset
1243 2213 1379 2300 supplex
1402 2211 1442 2278 ad

250 2340 319 2385 aras
341 2320 483 2386 consedit
505 2342 601 2406 seque
622 2324 731 2407 ipsum
754 2329 787 2387 ot
810 2325 976 2409 regionem
1000 2342 1092 2387 suam
1114 2324 1149 2386 in
1168 2321 1443 2409 Syracusanorum

251 2425 345 2492 fidem
369 2447 405 2492 ac
427 2433 619 2513 potestatem
642 2427 785 2494 tradidit.
808 2428 1003 2516 Syracusani
1025 2451 1065 2494 ne
1089 2428 1221 2495 deorum
1246 2450 1384 2515 quorum
1403 2427 1443 2493 ad

251 2553 321 2598 aras
347 2532 501 2599 Ducetius
523 2533 658 2622 supplex
678 2535 861 2601 consederat
883 2542 1050 2601 moverent
1072 2538 1155 2600 iram
1179 2537 1266 2600 vitae
1288 2533 1443 2622 supplicis

252 2646 468 2727 pepercerunt,
486 2644 594 2727 ipsum
613 2648 723 2708 autem
740 2640 934 2709 Corinthum
953 2645 987 2707 in
1006 2641 1142 2708 exilium
1154 2644 1321 2724 miserunt,
1333 2642 1442 2726 ibique

253 2746 415 2834 reliquum
438 2749 526 2814 vitae
549 2748 663 2834 degere
686 2751 860 2815 iusserunt.

298 2856 342 2919 At
364 2854 507 2920 nondum
530 2854 658 2920 Duoetii
680 2861 786 2941 partes
807 2857 841 2919 in
865 2855 999 2921 historia
1022 2853 1151 2920 Siciliae
1174 2859 1265 2920 erant
1287 2859 1442 2940 peractae.

252 2959 371 3026 Scribit
410 2963 496 3026 enim
539 2960 697 3027 Diodorus
736 2959 864 3027 Siculus
884 2962 929 3047 ⁴):
971 2957 1069 3033 Οὖτις
1111 2962 1142 3027 δὲ
1183 2961 1352 3047 (Ducstius
1386 2964 1444 3039 sc.)

253 3068 356 3145 ὀλίγον
391 3065 496 3146 χρόνον
531 3067 639 3144 μείνας
674 3068 705 3132 ἔν
738 3077 776 3150 τῇ
812 3068 937 3149 Κορίνθῳ
970 3069 1029 3139 τοὶς
1062 3068 1230 3146 ὁμολογίαι
1266 3065 1357 3133 ἔλυσε
1390 3065 1442 3130 καί

290 3283 312 3344 1)
330 3282 450 3332 Diodorus
472 3281 497 3331 id
521 3281 610 3330 diserte
631 3296 679 3330 uon
697 3280 764 3331 dicit.
782 3279 871 3330 Scribit
890 3280 935 3340 XI,
952 3282 1065 3331 99:....
1086 3279 1122 3336 sic
1138 3278 1165 3328 di
1183 3278 1229 3337 sris
1247 3277 1445 3342 Ἀκραγαντίνων

254 3363 338 3429 χάραν
362 3361 503 3430 ἀναζεύξας
528 3363 596 3423 para
623 3361 757 3423 δυνάμεως,
781 3364 880 3413 Μάτυον
904 3359 1081 3426 φρουρούμενον
1106 3361 1153 3411 ort
1178 3366 1228 3411 τῶν
1245 3361 1446 3425 Ἀκραγαυτινων

255 3443 427 3508 ἔνιολιάρκηστι
461 3453 510 3495 τῶν
536 3443 559 3494 δ’
583 3445 845 3508 Ἀκραγαντίνων
872 3443 1099 3507 ἐπιβοηθησάντων,
1134 3443 1247 3504 συνάψας
1282 3442 1370 3507 μάχην
1404 3442 1447 3491 καὶ

255 3525 416 3589 προτερήσας,
449 3525 569 3595 ἔξηλαστν
599 3526 729 3590 άμφοτί
735 3545 805 3589 ρους
835 3524 863 3576 in
889 3533 938 3576 τῶν
964 3525 1147 3589 στρατοπέδων.
1173 3525 1221 3576 Καὶ
1242 3529 1304 3576 τάτο
1328 3526 1374 3587 μίν
1398 3528 1445 3575 τοῦ

256 3617 379 3675 χοιμωνος
395 3608 567 3673 ὶνισταμίνον,
583 3608 777 3672 διοχωρίσάησαν
794 3610 828 3669 τίς
840 3610 887 3668 την
902 3608 1001 3660 οίκοίαν.
1019 3610 1054 3658 Oi
1068 3607 1095 3659 di
1113 3611 1304 3672 Συρακόσιοι
1321 3610 1365 3657 τὸν
1379 3625 1445 3671 στρα

256 3694 334 3757 τηγον
367 3696 488 3755 Βάλκοννα,
520 3695 566 3751 τῆς
599 3693 678 3751 ίίττηο
704 3691 785 3742 α’ίτιον
814 3692 878 3744 ’άντοο
902 3691 945 3741 καί
970 3690 1079 3758 δόξαντα
1105 3691 1183 3758 λάίρρι
1209 3689 1382 3754 συμπράττειν
1408 3697 1445 3754 τῷ

257 3775 390 3838 securta,
414 3773 630 3833 καταδικάσαντις
656 3774 687 3833 ὡς
712 3774 831 3838 προδότην
856 3774 1012 3824 άτέκτιινοιν.
1035 3774 1082 3825 Pro
1101 3774 1297 3837 Ἀκραγαντίνων
1314 3773 1445 3838 legendum

257 3860 352 3909 videtur
368 3859 528 3920 Συρακοσίων.

291 3941 315 4003 2)
332 3940 404 3990 Diod.
429 3940 477 3990 Sic.
504 3940 548 4001 XI,
574 3941 666 3992 IL...
693 3938 883 4003 Ἀκραγαντῖνοι
909 3939 940 3988 τὸ
967 3941 1065 3988 Μάτνον
1082 3937 1192 4002 φρούριον
1209 3940 1379 4001 κατοχάριονον
1398 3936 1445 3987 ὑπὸ

257 4029 306 4073 τῶν
327 4023 395 4084 pura
420 4023 551 4072 Δονκοτίου
574 4026 678 4073 Σικελῶν
702 4021 914 4089 ἐξεπολιόρκησαν.
939 4021 1066 4088 Nusquam
1088 4021 1207 4072 traditum
1224 4022 1361 4071 insanimus
1379 4020 1449 4070 Dios·

256 4105 319 4156 tium
335 4105 449 4171 Motyum
467 4122 617 4172 expugnasse
636 4106 678 4155 sad
697 4111 799 4171 apparet
816 4122 829 4154 e
846 4111 970 4155 contextu.

290 4191 315 4250 8)
331 4186 424 4238 Nomas
446 4188 489 4237 ubi
509 4189 571 4238 sitae
587 4188 678 4239 fuerint
693 4189 812 4237 incertum
830 4194 875 4237 est.
892 4187 1028 4248 Siefertius,
1045 4204 1067 4236 o.
1085 4186 1102 4236 l.
1121 4202 1145 4251 p.
1163 4185 1203 4246 il,
1221 4186 1318 4236 scribit:
1334 4224 1341 4236 .
1356 4223 1383 4235 ..
1401 4185 1449 4236 Dio

258 4271 328 4321 Stsdt
349 4287 415 4321 musa
432 4287 463 4320 au
480 4271 523 4320 der
538 4271 680 4321 nbrdlieban
697 4270 849 4335 Abdacbung
866 4270 908 4320 der
925 4269 1063 4330 Nebroden,
1081 4270 1200 4334 ungaiibr
1218 4269 1243 4319 in
1260 4269 1302 4318 der
1319 4268 1387 4318 Nshe
1405 4269 1447 4318 des

257 4353 446 4403 Hslesosdusses
459 4353 558 4418 geleqen
575 4354 663 4403 baben.
679 4353 762 4418 Stepb.
780 4353 837 4418 Byr.
855 4359 930 4403 neunt
947 4353 1061 4418 fibrigens
1078 4352 1142 4402 nach
1159 4352 1240 4418 Apoll.
1259 4351 1447 4401 sineSieiliscbe

257 4437 329 4487 Stadt
352 4439 425 4496 Νάαι,
448 4437 648 4487 wabrscheiulicb
671 4437 715 4486 das
736 4436 834 4500 beutige
852 4435 942 4494 Nosra,
960 4452 990 4484 au
1007 4435 1111 4485 weloher
1127 4434 1204 4484 Stella
1221 4434 1263 4483 der
1279 4433 1449 4497 Hersusgeber

258 4519 301 4569 der
318 4518 414 4584 Fragm.
432 4518 497 4569 Hist.
515 4520 599 4570 Graec.
672 4519 794 4569 bemerkt:
813 4534 836 4567 s.
853 4517 925 4567 Diod.
942 4518 990 4567 Sia.
1009 4520 1038 4579 X,
1056 4519 1079 4577 l,
1100 4519 1140 4577 al,
1158 4517 1199 4567 ubi
1216 4533 1260 4583 pro
1277 4515 1366 4578 Νομάο
1382 4516 1447 4582 quod

258 4602 332 4652 nihili
349 4608 385 4651 est
402 4602 578 4652 restituendum
594 4611 655 4669 puto
672 4600 749 4658 Νίνος.
766 4601 804 4651 Ob
822 4600 868 4650 mit
884 4600 980 4650 Rechts

294 4687 320 4746 4)
337 4684 409 4735 Diod.
426 4684 474 4735 Sic.
491 4684 548 4746 XII,
566 4687 589 4735 8.
