3734 5767
995 740 1040 802 26

424 919 606 985 luculenter
634 935 766 1008 apparet
793 921 966 1008 Polybium
997 937 1128 987 taurum
1158 945 1255 1007 quem
1285 922 1454 989 Timaeum
1478 948 1612 1013 negasse

418 1027 530 1090 scribit
563 1025 641 1090 clm
677 1027 712 1103 ἕξ
743 1028 971 1106 Ἀκράγαντος,
1011 1051 1069 1113 pro
1108 1028 1289 1093 Phalaridis
1324 1043 1417 1094 tauro
1451 1033 1610 1098 habuisse.

420 1133 512 1212 (guod
541 1137 659 1198 attinet
689 1134 729 1198 ad
760 1137 858 1199 verba
887 1136 1075 1200 scholiastae
1105 1136 1183 1199 ἀλλ’
1207 1136 1292 1198 eira'r
1315 1136 1380 1199 ἐστι
1404 1139 1536 1209 Γέλωνος
1556 1145 1609 1202 τοῦ

420 1245 574 1316 ratzath,
597 1261 616 1306 θ
640 1243 745 1305 verbis
769 1241 916 1327 Polybii:
945 1245 995 1304 ul
1018 1250 1074 1313 τῆς
1096 1242 1208 1308 dorstet
1234 1242 1433 1314 Barnaeum
1457 1246 1524 1320 περὶ
1549 1246 1609 1313 τὰς

420 1351 587 1424 ceraulae,
618 1361 749 1432 aptaret
777 1361 909 1412 taurum
930 1370 951 1412 a
972 1348 1130 1433 Scipione,
1155 1347 1351 1434 Carthagine
1375 1350 1490 1426 delete,
1515 1355 1611 1437 Agri·

419 1457 562 1540 gentinis
595 1455 756 1518 redditum
791 1477 854 1518 non
889 1456 988 1519 fnisse
1023 1455 1233 1519 simulacrum
1272 1455 1364 1519 fluvii
1398 1456 1509 1520 Gelae.
1547 1457 1609 1521 Sed

424 1562 604 1640 &alogiae
627 1559 752 1626 Timaei
774 1571 878 1626 aetate
900 1583 1010 1626 revere
1034 1561 1244 1625 simulacrum
1268 1562 1360 1626 fluvii
1380 1561 1480 1628 Gelae
1502 1564 1609 1639 fuisse,

421 1666 499 1753 quid
521 1667 627 1731 obstat
651 1670 822 1752 quominus
846 1666 1034 1732 credamus?

466 1774 615 1839 Dubitari
633 1777 739 1860 igitur
756 1796 818 1838 nou
837 1785 943 1859 potest
955 1779 1032 1860 quin
1045 1785 1157 1840 taurus
1169 1774 1348 1840 Phalaridis
1361 1780 1505 1841 extiterit
1522 1778 1544 1855 ¹)
1556 1777 1610 1841 sed

419 1880 614 1967 perdubium
642 1891 691 1945 eet
707 1901 788 1944 num
810 1880 966 1956 Phalaris,
987 1881 1071 1965 quod
1091 1902 1201 1946 omnes
1228 1895 1419 1955 asseverant,
1439 1895 1532 1947 tauro
1551 1904 1610 1946 sno

420 1991 513 2052 vivos
531 1987 677 2051 homiues
695 1989 849 2051 torruerit
866 1997 905 2051 ut
917 1987 1101 2051 crudelitati
1114 2009 1189 2052 suae
1207 1987 1400 2073 indulgeret
1414 1987 1512 2052 Valde
1527 1988 1610 2052 mihi

419 2092 559 2160 arridere
578 2093 728 2158 confiteor
739 2097 929 2158 seutentiam
954 2093 1111 2180 Bottigeri
1125 2094 1271 2180 '),quem
1282 2099 1428 2180 sequitur
1438 2094 1610 2159 Schuhrin-

420 2203 496 2286 gine
510 2203 546 2278 ³).
566 2198 725 2284 Bittigeri
747 2202 896 2284 opinione
920 2207 1032 2264 taurus
1055 2200 1236 2264 Phalaridis
1258 2211 1343 2265 arcte
1366 2202 1512 2266 cohaeret
1534 2223 1611 2266 cum

420 2304 510 2371 cultu
522 2306 575 2370 dei
586 2305 750 2370 Phoenicii
761 2305 933 2382 „Molooh”
943 2310 999 2391 qui
1012 2307 1163 2371 humenis
1174 2308 1333 2393 gaudebat
1346 2311 1500 2372 victimis.
1511 2309 1610 2373 Putat

420 2411 607 2498 Bottigerue
639 2410 767 2476 cultum
796 2412 894 2477 huius
923 2413 973 2477 dei
1005 2411 1147 2477 Rhodios
1176 2418 1210 2477 in
1233 2411 1378 2478 Siciliam
1409 2414 1610 2479 transtulisse

422 2518 582 2603 deumque
609 2521 814 2604 cornigerum
844 2522 878 2582 in
914 2527 1044 2583 taurum
1078 2519 1204 2584 abiisse.
1236 2520 1343 2583 Etiam
1380 2523 1610 2607 Agrigentinos

423 2624 508 2688 huuc
529 2624 625 2689 deum
657 2624 792 2690 coluisse
815 2628 940 2689 mirum
962 2627 1064 2690 facere
1088 2648 1150 2690 uon
1175 2639 1279 2710 potest
1302 2646 1376 2690 nam
1401 2637 1432 2691 et
1455 2629 1517 2712 ipsi
1541 2635 1611 2712 (per

422 2728 589 2815 tielenses)
623 2730 737 2797 Rhodo
771 2743 861 2797 eraut
895 2732 1022 2798 oriundi
1053 2741 1085 2797 et
1117 2732 1238 2798 multoe
1267 2737 1302 2796 iu
1333 2755 1446 2799 eorum
1475 2755 1610 2800 numero

420 2839 520 2903 fuisse
553 2838 702 2918 Rhodios,
737 2845 776 2903 ut
809 2859 906 2925 supra
948 2840 1071 2904 dictum
1111 2845 1170 2915 est,
1205 2849 1337 2904 cenem
1377 2841 1543 2905 Praeterea
1576 2844 1610 2904 iu

421 2945 585 3030 atabyrio,
632 2951 742 3010 moute
789 2944 924 3022 Rhodio,
971 2955 1078 3010 tauros
1123 2946 1223 3010 fuisse
1267 2966 1380 3012 aeneos
1424 2953 1456 3011 et
1499 2967 1611 3012 vaccas

420 3054 552 3138 mugitu
581 3054 788 3116 imminentia
817 3053 1033 3137 praedicentes
1064 3051 1205 3137 pericula
1231 3061 1343 3116 auctor
1365 3061 1413 3116 eet
1435 3051 1610 3134 iratast),

419 3179 517 3244 quam
548 3159 587 3223 oh
619 3179 687 3223 rem
717 3158 952 3245 Schuhringius
983 3165 1113 3223 taurum
1143 3158 1300 3236 (Moloch)
1324 3161 1611 3244 Agrigentinorum

420 3268 454 3329 in
495 3263 617 3350 templo
660 3264 732 3335 Διὸς
776 3265 976 3344 Ἀταβυρίου,
1016 3265 1099 3351 quod
1134 3268 1167 3330 iu
1203 3285 1273 3329 arce
1307 3275 1385 3338 erat,
1421 3265 1520 3330 fuisse
1554 3287 1611 3351 pro

420 3379 506 3437 certo
541 3371 688 3448 affirmat,
723 3392 919 3457 quemquam
954 3371 1111 3437 Diodorus
1140 3375 1174 3435 iu
1210 3381 1318 3436 monte
1350 3372 1492 3437 Ecuomo
1522 3380 1611 3437 extra

422 3479 536 3543 urbem
567 3485 698 3544 taurum
730 3478 828 3543 fuisse
860 3486 968 3543 narrat
986 3484 1024 3561 ⁶).
1052 3478 1160 3543 Etiam
1185 3475 1390 3564 Carthagine,
1415 3478 1492 3544 lieet
1514 3485 1612 3565 neget

421 3583 579 3670 Polybius
611 3585 767 3649 scribens:
810 3585 861 3649 eal
893 3584 999 3664 ἑτέρας
1031 3586 1135 3655 αἰτίας
1160 3583 1198 3648 h’
1223 3575 1257 3656 tit
1280 3586 1310 3647 a
1334 3581 1506 3663 Καρχηδόνι
1531 3608 1609 3648 κατ-

422 3692 592 3764 eetuvdndn
623 3696 755 3762 τοιοῦτος
778 3696 887 3766 ταῦρος
912 3693 1049 3764 οὐδαμῶς
1078 3690 1246 3765 δυναμένης
1271 3691 1422 3770 εὑρεθῆναι
1446 3690 1481 3755 τὸ
1506 3690 1609 3769 πάρι-

421 3822 484 3863 m
516 3801 635 3883 quippe
665 3819 745 3884 quae
776 3799 850 3863 urbs
878 3807 962 3863 esset
988 3797 1113 3864 colonia
1144 3797 1325 3874 Phoenicia,
1358 3796 1456 3862 talem
1479 3804 1609 3862 taurum

456 4000 480 4060 1)
498 3998 614 4048 Preemen
632 4014 655 4048 o.
672 3997 733 4048 1.11
751 4014 775 4063 p.
792 3998 849 4050 tot.
1022 3998 1047 4058 2)
1064 3995 1183 4060 Bottiger.
1199 3997 1273 4046 Ideen
1290 4013 1333 4046 zur
1349 3997 1507 4062 Kenetmyth.
1524 3997 1537 4046 I
1554 3997 1610 4046 85⁹.

454 4083 479 4143 8)
496 4080 633 4144 Schuhring
650 4096 673 4130 o.
692 4080 709 4130 l.
727 4096 751 4145 p.
770 4081 810 4130 24.

453 4166 479 4224 t)
495 4161 607 4212 Paetzet:
625 4161 691 4212 Chll.
709 4160 743 4211 tv
762 4162 818 4210 390.
836 4159 915 4226 Pauly
933 4160 1048 4210 Kunethl.
1069 4161 1141 4210 1855.
1159 4160 1206 4210 No.
1225 4160 1264 4213 bi.

457 4247 480 4306 h)
498 4245 570 4295 Diod.
596 4245 643 4295 aie.
671 4245 739 4295 xlx.
764 4246 820 4295 loe.
846 4244 982 4308 Schuhring
1007 4261 1030 4292 o.
1055 4243 1072 4293 l.
1099 4245 1224 4294 25......
1248 4243 1311 4294 Dese
1329 4245 1387 4295 eber
1403 4246 1449 4294 eui
1463 4246 1516 4295 dem
1534 4246 1611 4310 Berge

421 4327 544 4379 Eknomos
570 4329 612 4378 der
637 4327 701 4377 Stier
723 4328 766 4376 dee
789 4325 902 4376 Phalerie
928 4326 1060 4390 geetenden
1087 4327 1149 4375 hehe
1173 4327 1205 4375 iet
1228 4328 1292 4376 wohl
1315 4343 1361 4376 nur
1383 4328 1483 4378 erdeeht
1507 4344 1547 4377 nm
1565 4329 1612 4378 den

421 4409 515 4462 Numen
539 4411 581 4461 dee
603 4411 692 4476 Bergee
715 4427 744 4459 zu
763 4409 874 4460 erkliren
891 4408 940 4458 und
958 4409 1021 4468 weil,
1039 4425 1075 4457 wo
1093 4425 1139 4457 von
1160 4409 1272 4458 Phalaris
1291 4410 1330 4459 die
1347 4411 1413 4460 Rode
1429 4427 1487 4470 wer,
1505 4427 1562 4461 meu
1579 4428 1610 4462 an

421 4495 503 4545 teinen
530 4495 593 4544 Stier
619 4493 731 4544 dechte‘’.
756 4492 891 4541 Permirum
914 4499 951 4541 est
974 4492 1036 4540 nihil
1062 4491 1092 4540 de
1118 4492 1302 4542 Gelensium
1328 4493 1396 4542 cultu
1422 4494 1460 4543 dei
1479 4494 1611 4553 ¹‚hloloeh'’

422 4576 563 4626 innotuisse.
589 4577 653 4626 Pieri
680 4585 761 4642 potest
785 4582 813 4626 ut
838 4575 863 4625 in
886 4582 968 4626 monte
992 4574 1099 4626 llcnomo
1122 4575 1263 4625 Gelensium
1280 4584 1365 4626 taurus
1382 4577 1463 4627 tuerit.
1479 4578 1519 4639 (el.
1538 4577 1611 4627 Sebu-

423 4657 493 4722 hring
510 4675 532 4709 o.
550 4658 567 4709 l.
585 4675 609 4725 p.
627 4659 678 4723 2⁶).
