3734 5767
988 702 1030 769 56

452 890 566 955 Paucis
599 891 689 956 annis
723 895 795 974 post
827 886 1011 953 libertatem
1047 889 1087 953 ab
1121 889 1344 975 Agrigentinis
1377 895 1597 975 recuperatam

408 996 599 1083 Syracusani
626 997 915 1083 Agrigentinorum
944 993 1065 1059 auxilio
1096 1000 1249 1081 tyrannos
1268 993 1472 1080 expulerunt.
1499 995 1599 1061 Hiero

408 1107 493 1171 enim
522 1102 572 1168 Ol.
597 1101 695 1180 78,3
727 1109 875 1167 mortuus
907 1107 985 1177 erat,
1017 1104 1069 1165 cui
1102 1109 1294 1167 successerat
1327 1101 1549 1188 Thrasybulus
1564 1101 1598 1183 ¹).

408 1211 471 1276 Hic
493 1231 626 1276 saevum
643 1217 676 1274 et
698 1207 859 1273 crudelem
882 1228 915 1272 se
939 1208 1091 1292 praebens
1116 1207 1283 1273 dominum
1306 1207 1491 1294 multosque
1513 1213 1598 1274 cives

409 1323 534 1405 praeter
563 1319 614 1381 ius
645 1321 677 1381 et
707 1335 845 1400 aequum
868 1335 885 1380 e
910 1312 1015 1379 madio
1038 1313 1154 1380 tollens
1177 1320 1306 1380 tantum
1329 1318 1362 1379 in
1386 1337 1419 1381 se
1442 1318 1600 1381 convertit

409 1425 679 1512 Syracusanorum
702 1420 813 1486 odium
837 1427 874 1484 61
898 1440 953 1505 per
969 1440 1126 1507 magnum
1143 1424 1412 1487 mercenariorum
1429 1443 1598 1487 numerum

411 1533 468 1597 vix
491 1551 524 1595 se
547 1534 657 1594 contra
678 1548 789 1592 eornm
813 1529 881 1592 vim
903 1529 1056 1592 muniret.
1076 1526 1192 1594 Totam
1211 1536 1320 1594 aurem
1341 1531 1508 1594 civitatem
1527 1550 1600 1594 cnm

345 1712 349 1720 ¹
411 1641 445 1703 in
476 1657 509 1701 se
540 1637 657 1700 armari
688 1634 822 1711 videret,
849 1636 992 1719 primum
1015 1636 1138 1699 animos
1161 1635 1267 1700 verbis
1290 1633 1397 1701 sedare
1420 1637 1602 1701 conabatur,

413 1742 525 1810 deinde
555 1744 663 1807 irritos
693 1760 769 1805 suos
799 1746 931 1805 conatus
962 1760 1030 1805 esse
1059 1739 1256 1827 intelligens,
1288 1742 1475 1828 ingentibus
1503 1744 1602 1827 copiis

413 1851 581 1926 arcessitis,
617 1847 830 1913 Achradinam
865 1846 1070 1933 lneulamque
1104 1851 1274 1934 occupavit
1309 1855 1341 1914 et
1376 1848 1497 1914 bellum
1528 1869 1602 1914 cum

413 1957 620 2042 Syracusanis
638 1956 722 2033 iniit,
740 1957 805 2040 qui,
826 1952 936 2040 Tycha
954 1959 1116 2039 occupata,
1135 1954 1259 2041 legatos
1277 1957 1310 2018 in
1330 1954 1495 2040 plerasque
1511 1955 1605 2020 nrbes

414 2061 540 2128 Siciliae
582 2063 740 2126 miserunt
777 2059 937 2126 auxilium
972 2063 1122 2145 petitum.
1157 2059 1224 2127 Nec
1257 2062 1377 2126 frustra
1409 2064 1603 2147 petiverunt.

416 2165 608 2251 Agrigentini
637 2168 733 2242 enim,
764 2163 949 2243 Selinuntii,
981 2165 1155 2244 Himeram,
1187 2165 1243 2231 alii
1266 2166 1425 2231 auxilium
1448 2167 1603 2245 tulerunt,

417 2294 554 2361 quorum
584 2275 682 2359 copiis
712 2270 935 2359 Thrasybulus
963 2271 1076 2337 multis
1100 2272 1229 2360 proeliis
1252 2276 1359 2339 victus
1383 2295 1458 2341 oum
1480 2273 1603 2339 nullam

418 2400 507 2467 spem
531 2378 755 2443 dominationis
779 2377 914 2443 tuendae
938 2398 1100 2464 superesse
1122 2377 1321 2465 intelligeret
1343 2378 1467 2465 legatos
1489 2384 1544 2466 qui
1567 2380 1606 2445 de

419 2507 494 2574 pace
528 2494 660 2571 agerent
692 2484 732 2550 ad
762 2483 978 2572 Syracusanos
1008 2488 1137 2551 mittere
1168 2488 1345 2551 constituit.
1377 2485 1481 2566 Quam
1512 2489 1607 2573 petiit

420 2614 530 2681 pacem
561 2598 672 2657 nactus
703 2598 762 2657 est.
793 2590 864 2677 Ipse
887 2589 1108 2678 Thrasybulus
1130 2594 1165 2656 in
1189 2591 1304 2657 Locros
1327 2591 1494 2658 exulatum
1516 2594 1606 2669 abiit,

421 2700 614 2787 Syracusani
647 2697 814 2785 tyrannide
842 2697 971 2763 liberati
1000 2701 1175 2784 imperium
1204 2701 1415 2764 instituerunt
1444 2699 1607 2786 populare.

421 2807 530 2873 Etiam
552 2804 635 2870 aliae
658 2805 751 2870 urbes
774 2804 897 2869 insulae
921 2809 1072 2891 tyrannos
1095 2804 1296 2890 expulerunt.

469 2911 622 2980 Graviore
654 2910 736 2977 hello
763 2913 993 2997 Agrigentinos
1016 2932 1079 2977 non
1102 2911 1206 2977 multo
1229 2916 1301 2997 post
1323 2911 1485 2997 implicuit
1508 2911 1610 2977 Duce-

423 3024 499 3099 tius,
518 3018 646 3085 Siculus
666 3017 733 3096 ille,
752 3021 809 3104 qui
827 3020 949 3103 patriae
968 3039 1044 3084 suaa
1063 3017 1243 3084 liberandae
1263 3018 1432 3084 consilium
1445 3021 1561 3084 inierat
1574 3017 1611 3100 ³).

424 3126 493 3193 Iam
527 3146 608 3191 anno
643 3123 726 3189 4620
757 3122 881 3189 Siculos
916 3145 1052 3209 quorum
1086 3145 1178 3210 agros
1212 3125 1312 3191 Hiero
1346 3127 1439 3191 novis
1473 3123 1611 3193 Satanae

424 3232 536 3300 incolis
558 3231 695 3308 dederat,
717 3230 805 3295 ultus
824 3238 909 3307 erat3
930 3231 1032 3296 tribus
1048 3235 1139 3296 annis
1152 3238 1223 3317 post
1238 3232 1478 3319 Morgantinam
1490 3253 1611 3319 expug-

424 3345 557 3405 naverat
571 3338 606 3420 ³).
638 3338 729 3403 Anno
760 3335 840 3401 452⁰
872 3338 1008 3402 Aetnam
1039 3341 1133 3423 cepit,
1166 3358 1229 3423 qua
1258 3338 1337 3403 urhe
1367 3345 1550 3425 expugnata
1578 3342 1612 3403 in

427 3447 714 3533 Agrigentinorum
747 3442 911 3508 contendit
943 3443 1019 3508 fines
1050 3449 1082 3508 et
1113 3444 1277 3532 Motyum,
1309 3446 1524 3525 Φρννρνύμεννν
1555 3445 1612 3510 ὑπὸ

427 3559 484 3618 τῶν
517 3551 766 3630 Ἀκραγαντίνων
797 3549 939 3615 obsidere
970 3551 1075 3635 coepit
1088 3551 1125 3629 ⁴).
1154 3552 1361 3638 Agrigentini
1385 3572 1478 3637 opem
1500 3549 1615 3636 imple

463 3730 488 3790 1)
506 3726 578 3776 Diod.
595 3725 641 3774 Sis.
660 3723 702 3784 XI,
719 3721 760 3783 di,
777 3723 817 3772 68.

463 3811 487 3872 11)
504 3811 567 3859 Ante
590 3808 681 3858 ballum
705 3822 760 3856 oum
783 3804 886 3856 Ducetio
909 3812 1003 3870 gestum
1021 3806 1173 3872 Agrigentini
1191 3824 1246 3858 curn
1264 3808 1386 3874 Motyaeis
1403 3807 1497 3857 bellum
1513 3807 1614 3873 gessisse

430 3893 550 3944 videntur.
575 3891 657 3954 (Pane.
683 3891 712 3949 11,
738 3890 778 3949 Sh,
804 3889 836 3950 2),
862 3888 926 3953 quod
954 3887 985 3938 ed
1011 3889 1103 3940 ballum
1121 3892 1193 3941 verbe
1211 3891 1311 3941 Diodori
1328 3891 1454 3940 referende
1470 3894 1536 3950 sunt,
1553 3907 1614 3955 quse

429 3976 543 4040 leguntur
558 3973 600 4032 xl,
610 3973 654 4022 θῦε
673 3971 746 4021 liaris
763 3968 790 4020 11
808 3970 853 4027 τὴν
869 3970 981 4019 Σικελίαν
1000 3973 1158 4035 Ἐγιττνιίτνς
1175 3969 1492 4036 661Λνλνβ6ίννςὶνίστν
1507 3973 1617 4033 ττίλνμνς

430 4056 485 4119 τττρί
508 4054 593 4119 χώρας
616 4055 663 4110 6116
685 4053 744 4114 πρὸς
767 4055 802 4113 τῷ
824 4049 935 4116 Meliten
958 4059 1073 4117 ποταμῷ.
1091 4053 1268 4117 prespiterii
1286 4053 1506 4118 μάχηςῖνχνρᾶς,
1524 4052 1616 4116 συνέβη

429 4137 540 4196 rahtoda
567 4136 625 4199 παρ’
649 4134 800 4199 decertante
824 4132 974 4194 ἀναιρεθῆναι
998 4134 1041 4184 nai
1063 4139 1109 4194 τῆς
1132 4139 1280 4200 φιλοτιμίας
1304 4138 1338 4199 μὴ
1364 4139 1437 4203 λῆξαν
1452 4138 1501 4194 τὰς
1523 4139 1617 4193 πόλεις.

430 4220 603 4285 Sehnhringius
619 4236 641 4269 o.
659 4219 677 4269 1.
694 4234 718 4283 p.
736 4217 777 4274 SA,
794 4233 837 4281 pro
860 4215 1026 4279 Ἐγιττνιίονς,
1042 4221 1220 4278 Σελινουντίοις
1236 4220 1364 4286 legandum
1381 4237 1433 4270 esee
1449 4225 1538 4277 666661,
1557 4218 1618 4268 Η61·

430 4306 493 4356 mins
516 4320 559 4369 pro
584 4302 732 4364 Λνλνβαίντς
753 4299 888 4355 Mercatore
911 4300 1033 4364 proponit.
1050 4301 1142 4364 (Holm.
1160 4319 1183 4353 o.
1201 4304 1219 4354 1.
1236 4302 1257 4363 1,
1275 4320 1298 4369 p.
1316 4304 1382 4365 sal).
1400 4302 1438 4351 01.
1455 4303 1539 4351 Veux:
1559 4299 1613 4359 „On

430 4406 445 4438 6
468 4387 523 4437 6616
545 4387 645 4450 bearing
667 4402 682 4434 6
699 4382 848 4432 Phoenicien
867 4381 955 4445 legend
971 4383 1019 4432 eud
1037 4385 1152 4450 referring
1169 4403 1199 4435 an
1216 4386 1321 4436 61116666
1338 4387 1446 4436 between
1463 4384 1548 4448 Motya
1566 4384 1615 4432 eud

430 4469 613 4534 Agrigeutnm’¹,
628 4468 654 4517 iu
672 4465 791 4515 Numism.
809 4463 898 4513 chron
916 4464 994 4525 xxll,
1012 4467 1076 4516 1de
1094 4484 1118 4533 p.
1137 4469 1192 4519 123.
1317 4470 1342 4531 3)
1360 4468 1431 4517 Diod.
1448 4467 1496 4517 Sic.
1513 4466 1556 4526 XI,
1573 4465 1614 4516 18.

464 4556 489 4614 4)
507 4550 580 4601 Diod.
595 4550 641 4598 Sic.
660 4548 701 4608 lli,
719 4547 758 4597 111.
777 4547 875 4596 astraea
888 4546 1016 4597 castollum
1032 4550 1253 4615 Agrigentinorum,
1268 4550 1309 4600 ubi
1324 4550 1399 4599 situm
1412 4549 1485 4599 fuerit
1498 4549 1616 4597 incertum

431 4643 474 4686 eet.
492 4634 530 4685 Cf.
546 4634 602 4684 adn.
621 4634 652 4682 ad
668 4631 751 4699 Steph.
771 4630 825 4696 Byr.
843 4628 890 4693 (cd.
909 4628 1242 4694 monesensishaim.
