<?xml version="1.0" encoding="UTF-8"?>
<!DOCTYPE html PUBLIC "-//W3C//DTD XHTML 1.0 Transitional//EN"
    "http://www.w3.org/TR/xhtml1/DTD/xhtml1-transitional.dtd">
<html xmlns="http://www.w3.org/1999/xhtml" xml:lang="en" lang="en">
 <head>
  <title>
</title>
<meta http-equiv="Content-Type" content="text/html;charset=utf-8" />
  <meta name='ocr-system' content='tesseract 3.04.00' />
  <meta name='ocr-capabilities' content='ocr_page ocr_carea ocr_par ocr_line ocrx_word'/>
</head>
<body>
  <div class='ocr_page' id='page_1' title='image "./deurbeagrigenti00hagtgoog/deurbeagrigenti00hagtgoog_0073.png"; bbox 0 0 3734 5767; ppageno 0'>
   <div class='ocr_carea' id='block_1_1' title="bbox 828 767 871 833">
    <p class='ocr_par' dir='ltr' id='par_1_1' title="bbox 828 767 871 833">
     <span class='ocr_line' id='line_1_1' title="bbox 828 767 871 833; baseline 0.023 -1"><span class='ocrx_word' id='word_1_1' title='bbox 828 767 871 833; x_wconf 78' lang='lat' dir='ltr'><strong>oe</strong></span> 
     </span>
    </p>
   </div>
   <div class='ocr_carea' id='block_1_2' title="bbox 248 946 1447 3914">
    <p class='ocr_par' dir='ltr' id='par_1_2' title="bbox 248 946 1443 1143">
     <span class='ocr_line' id='line_1_2' title="bbox 249 946 1443 1037; baseline -0.001 -23"><span class='ocrx_word' id='word_1_2' title='bbox 249 946 329 1022; x_wconf 70' lang='grc' dir='ltr'><strong>ὅπως</strong></span> <span class='ocrx_word' id='word_1_3' title='bbox 362 946 562 1027; x_wconf 67' lang='grc' dir='ltr'><strong>ὑπαγάγοιτο</strong></span> <span class='ocrx_word' id='word_1_4' title='bbox 593 951 648 1024; x_wconf 69' lang='grc' dir='ltr'><strong>τὴν</strong></span> <span class='ocrx_word' id='word_1_5' title='bbox 678 949 766 1015; x_wconf 65' lang='lat' dir='ltr'><strong>adara</strong></span> <span class='ocrx_word' id='word_1_6' title='bbox 798 950 824 1015; x_wconf 81' lang='lat' dir='ltr'><strong>et</strong></span> <span class='ocrx_word' id='word_1_7' title='bbox 857 949 991 1026; x_wconf 70' lang='lat' dir='ltr'><strong>torano,</strong></span> <span class='ocrx_word' id='word_1_8' title='bbox 1025 949 1258 1037; x_wconf 74' lang='lat' dir='ltr'>Agrigentinos</span> <span class='ocrx_word' id='word_1_9' title='bbox 1288 947 1443 1015; x_wconf 82' lang='lat' dir='ltr'><strong>adducere</strong></span> 
     </span>
     <span class='ocr_line' id='line_1_3' title="bbox 248 1054 1152 1143; baseline 0 -23"><span class='ocrx_word' id='word_1_10' title='bbox 248 1063 424 1142; x_wconf 88' lang='lat' dir='ltr'><strong>potuerunt</strong></span> <span class='ocrx_word' id='word_1_11' title='bbox 447 1061 485 1121; x_wconf 92' lang='lat' dir='ltr'><strong>ut</strong></span> <span class='ocrx_word' id='word_1_12' title='bbox 508 1054 783 1142; x_wconf 75' lang='lat' dir='ltr'>Syracusanorum</span> <span class='ocrx_word' id='word_1_13' title='bbox 806 1063 913 1143; x_wconf 87' lang='lat' dir='ltr'><strong>partes</strong></span> <span class='ocrx_word' id='word_1_14' title='bbox 936 1063 1152 1142; x_wconf 80' lang='lat' dir='ltr'>sequerentur.</span> 
     </span>
    </p>

    <p class='ocr_par' dir='ltr' id='par_1_3' title="bbox 250 1161 1445 1462">
     <span class='ocr_line' id='line_1_4' title="bbox 295 1161 1445 1249; baseline 0.001 -23"><span class='ocrx_word' id='word_1_15' title='bbox 295 1161 372 1227; x_wconf 88' lang='lat' dir='ltr'><strong>inde</strong></span> <span class='ocrx_word' id='word_1_16' title='bbox 402 1182 420 1227; x_wconf 89' lang='lat' dir='ltr'><strong>a</strong></span> <span class='ocrx_word' id='word_1_17' title='bbox 451 1164 648 1248; x_wconf 80' lang='lat' dir='ltr'>temporibus</span> <span class='ocrx_word' id='word_1_18' title='bbox 673 1164 919 1230; x_wconf 79' lang='lat' dir='ltr'><strong>Atheniensium</strong></span> <span class='ocrx_word' id='word_1_19' title='bbox 944 1163 1154 1249; x_wconf 78' lang='lat' dir='ltr'><strong>expeditionis</strong></span> <span class='ocrx_word' id='word_1_20' title='bbox 1177 1184 1279 1249; x_wconf 89' lang='lat' dir='ltr'><strong>usqne</strong></span> <span class='ocrx_word' id='word_1_21' title='bbox 1302 1162 1341 1228; x_wconf 90' lang='lat' dir='ltr'><strong>ad</strong></span> <span class='ocrx_word' id='word_1_22' title='bbox 1366 1169 1445 1227; x_wconf 81' lang='lat' dir='ltr'><strong>tem</strong></span> 
     </span>
     <span class='ocr_line' id='line_1_5' title="bbox 250 1266 1443 1358; baseline 0 -25"><span class='ocrx_word' id='word_1_23' title='bbox 250 1289 310 1354; x_wconf 92' lang='lat' dir='ltr'><strong>pus</strong></span> <span class='ocrx_word' id='word_1_24' title='bbox 341 1289 403 1354; x_wconf 91' lang='lat' dir='ltr'><strong>quo</strong></span> <span class='ocrx_word' id='word_1_25' title='bbox 433 1266 712 1355; x_wconf 72' lang='lat' dir='ltr'><strong>Carthaginienses</strong></span> <span class='ocrx_word' id='word_1_26' title='bbox 735 1269 915 1358; x_wconf 88' lang='lat' dir='ltr'><strong>Segestaeia</strong></span> <span class='ocrx_word' id='word_1_27' title='bbox 940 1270 1100 1336; x_wconf 88' lang='lat' dir='ltr'><strong>auxilium</strong></span> <span class='ocrx_word' id='word_1_28' title='bbox 1122 1269 1223 1334; x_wconf 85' lang='lat' dir='ltr'><strong>laturi</strong></span> <span class='ocrx_word' id='word_1_29' title='bbox 1245 1272 1279 1334; x_wconf 90' lang='lat' dir='ltr'><strong>in</strong></span> <span class='ocrx_word' id='word_1_30' title='bbox 1301 1267 1443 1334; x_wconf 91' lang='lat' dir='ltr'><strong>insulam</strong></span> 
     </span>
     <span class='ocr_line' id='line_1_6' title="bbox 251 1375 1206 1462; baseline 0.001 -23"><span class='ocrx_word' id='word_1_31' title='bbox 251 1379 442 1440; x_wconf 88' lang='lat' dir='ltr'><strong>traiecerunt</strong></span> <span class='ocrx_word' id='word_1_32' title='bbox 465 1375 503 1440; x_wconf 91' lang='lat' dir='ltr'><strong>de</strong></span> <span class='ocrx_word' id='word_1_33' title='bbox 526 1376 616 1440; x_wconf 93' lang='lat' dir='ltr'><strong>urbis</strong></span> <span class='ocrx_word' id='word_1_34' title='bbox 639 1376 776 1441; x_wconf 89' lang='lat' dir='ltr'><strong>historia</strong></span> <span class='ocrx_word' id='word_1_35' title='bbox 799 1376 881 1441; x_wconf 93' lang='lat' dir='ltr'><strong>nihil</strong></span> <span class='ocrx_word' id='word_1_36' title='bbox 905 1376 945 1441; x_wconf 92' lang='lat' dir='ltr'><strong>ad</strong></span> <span class='ocrx_word' id='word_1_37' title='bbox 969 1397 1026 1441; x_wconf 92' lang='lat' dir='ltr'><strong>nos</strong></span> <span class='ocrx_word' id='word_1_38' title='bbox 1051 1378 1206 1462; x_wconf 87' lang='lat' dir='ltr'><strong>pervenit.</strong></span> 
     </span>
    </p>

    <p class='ocr_par' dir='ltr' id='par_1_4' title="bbox 250 1479 1447 3914">
     <span class='ocr_line' id='line_1_7' title="bbox 296 1479 1444 1568; baseline 0.001 -23"><span class='ocrx_word' id='word_1_39' title='bbox 296 1483 388 1546; x_wconf 89' lang='lat' dir='ltr'><strong>Anno</strong></span> <span class='ocrx_word' id='word_1_40' title='bbox 426 1480 507 1546; x_wconf 82' lang='lat'>4090</span> <span class='ocrx_word' id='word_1_41' title='bbox 537 1502 565 1546; x_wconf 89' lang='lat' dir='ltr'><strong>a.</strong></span> <span class='ocrx_word' id='word_1_42' title='bbox 590 1479 664 1547; x_wconf 89' lang='lat' dir='ltr'><strong>Chr.</strong></span> <span class='ocrx_word' id='word_1_43' title='bbox 689 1505 719 1548; x_wconf 92' lang='lat' dir='ltr'><strong>n.</strong></span> <span class='ocrx_word' id='word_1_44' title='bbox 760 1481 923 1548; x_wconf 91' lang='lat' dir='ltr'><strong>Hannibal</strong></span> <span class='ocrx_word' id='word_1_45' title='bbox 962 1484 1088 1568; x_wconf 90' lang='lat' dir='ltr'><strong>ingenti</strong></span> <span class='ocrx_word' id='word_1_46' title='bbox 1126 1504 1201 1547; x_wconf 86' lang='lat' dir='ltr'><strong>cnm</strong></span> <span class='ocrx_word' id='word_1_47' title='bbox 1236 1484 1379 1547; x_wconf 89' lang='lat' dir='ltr'><strong>exercitu</strong></span> <span class='ocrx_word' id='word_1_48' title='bbox 1409 1482 1444 1545; x_wconf 90' lang='lat' dir='ltr'><strong>in</strong></span> 
     </span>
     <span class='ocr_line' id='line_1_8' title="bbox 250 1585 1444 1674; baseline -0.001 -23"><span class='ocrx_word' id='word_1_49' title='bbox 250 1585 392 1652; x_wconf 92' lang='lat' dir='ltr'><strong>Siciliam</strong></span> <span class='ocrx_word' id='word_1_50' title='bbox 427 1588 552 1652; x_wconf 90' lang='lat' dir='ltr'><strong>traiecit</strong></span> <span class='ocrx_word' id='word_1_51' title='bbox 581 1595 613 1653; x_wconf 89' lang='lat' dir='ltr'><strong>et</strong></span> <span class='ocrx_word' id='word_1_52' title='bbox 643 1586 900 1654; x_wconf 90' lang='lat' dir='ltr'><strong>Selinuntiorum</strong></span> <span class='ocrx_word' id='word_1_53' title='bbox 931 1590 1046 1654; x_wconf 91' lang='lat' dir='ltr'><strong>urbem</strong></span> <span class='ocrx_word' id='word_1_54' title='bbox 1079 1587 1222 1654; x_wconf 89' lang='lat' dir='ltr'><strong>obsidere</strong></span> <span class='ocrx_word' id='word_1_55' title='bbox 1253 1590 1366 1674; x_wconf 90' lang='lat' dir='ltr'><strong>coepit.</strong></span> <span class='ocrx_word' id='word_1_56' title='bbox 1398 1586 1444 1651; x_wconf 90' lang='lat' dir='ltr'><strong>Ut</strong></span> 
     </span>
     <span class='ocr_line' id='line_1_9' title="bbox 251 1692 1443 1782; baseline 0.001 -25"><span class='ocrx_word' id='word_1_57' title='bbox 251 1694 363 1758; x_wconf 91' lang='lat' dir='ltr'><strong>urbem</strong></span> <span class='ocrx_word' id='word_1_58' title='bbox 392 1697 580 1780; x_wconf 89' lang='lat' dir='ltr'><strong>priusquam</strong></span> <span class='ocrx_word' id='word_1_59' title='bbox 610 1695 813 1781; x_wconf 77' lang='lat' dir='ltr'><strong>Syracusani,</strong></span> <span class='ocrx_word' id='word_1_60' title='bbox 846 1717 984 1782; x_wconf 89' lang='lat' dir='ltr'><strong>quorum</strong></span> <span class='ocrx_word' id='word_1_61' title='bbox 1011 1717 1107 1781; x_wconf 89' lang='lat' dir='ltr'><strong>opem</strong></span> <span class='ocrx_word' id='word_1_62' title='bbox 1129 1694 1303 1760; x_wconf 85' lang='lat' dir='ltr'><strong>Selinuntii</strong></span> <span class='ocrx_word' id='word_1_63' title='bbox 1327 1692 1443 1780; x_wconf 90' lang='lat' dir='ltr'><strong>implo-</strong></span> 
     </span>
     <span class='ocr_line' id='line_1_10' title="bbox 250 1800 1445 1890; baseline -0.002 -24"><span class='ocrx_word' id='word_1_64' title='bbox 250 1807 407 1877; x_wconf 82' lang='lat' dir='ltr'><strong>raverant,</strong></span> <span class='ocrx_word' id='word_1_65' title='bbox 430 1800 551 1866; x_wconf 88' lang='lat' dir='ltr'><strong>auxilio</strong></span> <span class='ocrx_word' id='word_1_66' title='bbox 567 1805 723 1880; x_wconf 83' lang='lat' dir='ltr'><strong>venirent,</strong></span> <span class='ocrx_word' id='word_1_67' title='bbox 744 1809 954 1890; x_wconf 80' lang='lat' dir='ltr'><strong>expugnaret,</strong></span> <span class='ocrx_word' id='word_1_68' title='bbox 975 1802 1137 1867; x_wconf 87' lang='lat' dir='ltr'><strong>militibus</strong></span> <span class='ocrx_word' id='word_1_69' title='bbox 1156 1823 1190 1867; x_wconf 90' lang='lat' dir='ltr'><strong>se</strong></span> <span class='ocrx_word' id='word_1_70' title='bbox 1208 1801 1322 1867; x_wconf 86' lang='lat' dir='ltr'><strong>urbem</strong></span> <span class='ocrx_word' id='word_1_71' title='bbox 1343 1800 1445 1885; x_wconf 90' lang='lat' dir='ltr'><strong>direp-</strong></span> 
     </span>
     <span class='ocr_line' id='line_1_11' title="bbox 250 1906 1445 2000; baseline -0.002 -29"><span class='ocrx_word' id='word_1_72' title='bbox 250 1910 330 1972; x_wconf 88' lang='lat' dir='ltr'><strong>tioni</strong></span> <span class='ocrx_word' id='word_1_73' title='bbox 364 1906 560 1973; x_wconf 86' lang='lat' dir='ltr'><strong>traditurum</strong></span> <span class='ocrx_word' id='word_1_74' title='bbox 595 1908 811 2000; x_wconf 36' lang='lat' dir='ltr'><strong>pollicebatur·</strong></span> <span class='ocrx_word' id='word_1_75' title='bbox 841 1917 873 1975; x_wconf 90' lang='lat' dir='ltr'><strong>st</strong></span> <span class='ocrx_word' id='word_1_76' title='bbox 904 1910 1001 1976; x_wconf 90' lang='lat' dir='ltr'><strong>robur</strong></span> <span class='ocrx_word' id='word_1_77' title='bbox 1030 1911 1189 1974; x_wconf 89' lang='lat' dir='ltr'><strong>exercitus</strong></span> <span class='ocrx_word' id='word_1_78' title='bbox 1218 1911 1380 1994; x_wconf 87' lang='lat' dir='ltr'><strong>impetum</strong></span> <span class='ocrx_word' id='word_1_79' title='bbox 1411 1910 1445 1970; x_wconf 93' lang='lat' dir='ltr'><strong>in</strong></span> 
     </span>
     <span class='ocr_line' id='line_1_12' title="bbox 252 2014 1443 2094; baseline 0 -16"><span class='ocrx_word' id='word_1_80' title='bbox 252 2016 377 2079; x_wconf 92' lang='lat' dir='ltr'><strong>moenia</strong></span> <span class='ocrx_word' id='word_1_81' title='bbox 410 2014 513 2080; x_wconf 84' lang='lat' dir='ltr'><strong>facere</strong></span> <span class='ocrx_word' id='word_1_82' title='bbox 546 2017 652 2080; x_wconf 91' lang='lat' dir='ltr'><strong>iussit.</strong></span> <span class='ocrx_word' id='word_1_83' title='bbox 688 2015 830 2094; x_wconf 83' lang='lat' dir='ltr'><strong>Frustra,</strong></span> <span class='ocrx_word' id='word_1_84' title='bbox 863 2036 938 2081; x_wconf 89' lang='lat' dir='ltr'><strong>nam</strong></span> <span class='ocrx_word' id='word_1_85' title='bbox 969 2017 1094 2082; x_wconf 83' lang='lat' dir='ltr'><strong>fortiter</strong></span> <span class='ocrx_word' id='word_1_86' title='bbox 1124 2015 1299 2081; x_wconf 87' lang='lat' dir='ltr'><strong>Selinuntii</strong></span> <span class='ocrx_word' id='word_1_87' title='bbox 1330 2014 1443 2079; x_wconf 89' lang='lat' dir='ltr'><strong>urbem</strong></span> 
     </span>
     <span class='ocr_line' id='line_1_13' title="bbox 252 2119 1445 2209; baseline -0.002 -23"><span class='ocrx_word' id='word_1_88' title='bbox 252 2119 460 2186; x_wconf 85' lang='lat' dir='ltr'><strong>defenderunt</strong></span> <span class='ocrx_word' id='word_1_89' title='bbox 482 2127 515 2186; x_wconf 90' lang='lat' dir='ltr'><strong>et</strong></span> <span class='ocrx_word' id='word_1_90' title='bbox 538 2122 662 2187; x_wconf 88' lang='lat' dir='ltr'><strong>hostem</strong></span> <span class='ocrx_word' id='word_1_91' title='bbox 688 2122 906 2209; x_wconf 89' lang='lat' dir='ltr'><strong>reppulerunt.</strong></span> <span class='ocrx_word' id='word_1_92' title='bbox 931 2124 1004 2189; x_wconf 92' lang='lat' dir='ltr'><strong>Nox</strong></span> <span class='ocrx_word' id='word_1_93' title='bbox 1026 2144 1101 2188; x_wconf 90' lang='lat' dir='ltr'><strong>cnm</strong></span> <span class='ocrx_word' id='word_1_94' title='bbox 1124 2125 1259 2188; x_wconf 87' lang='lat' dir='ltr'><strong>instaret</strong></span> <span class='ocrx_word' id='word_1_95' title='bbox 1282 2121 1445 2195; x_wconf 89' lang='lat' dir='ltr'><strong>Hannibal</strong></span> 
     </span>
     <span class='ocr_line' id='line_1_14' title="bbox 252 2227 1444 2314; baseline -0.002 -20"><span class='ocrx_word' id='word_1_96' title='bbox 252 2230 525 2314; x_wconf 81' lang='lat' dir='ltr'><strong>oppugnationem</strong></span> <span class='ocrx_word' id='word_1_97' title='bbox 554 2251 617 2294; x_wconf 89' lang='lat' dir='ltr'><strong>non</strong></span> <span class='ocrx_word' id='word_1_98' title='bbox 646 2232 763 2296; x_wconf 89' lang='lat' dir='ltr'><strong>iterare</strong></span> <span class='ocrx_word' id='word_1_99' title='bbox 793 2233 971 2296; x_wconf 88' lang='lat' dir='ltr'><strong>constituit.</strong></span> <span class='ocrx_word' id='word_1_100' title='bbox 1002 2229 1125 2296; x_wconf 80' lang='lat' dir='ltr'><strong>Eodem</strong></span> <span class='ocrx_word' id='word_1_101' title='bbox 1155 2237 1247 2294; x_wconf 89' lang='lat' dir='ltr'><strong>nocte</strong></span> <span class='ocrx_word' id='word_1_102' title='bbox 1269 2227 1444 2293; x_wconf 90' lang='lat' dir='ltr'><strong>Selinuntii</strong></span> 
     </span>
     <span class='ocr_line' id='line_1_15' title="bbox 252 2334 1444 2423; baseline -0.002 -23"><span class='ocrx_word' id='word_1_103' title='bbox 252 2335 375 2421; x_wconf 87' lang='lat' dir='ltr'><strong>legatos</strong></span> <span class='ocrx_word' id='word_1_104' title='bbox 408 2337 565 2400; x_wconf 89' lang='lat' dir='ltr'><strong>miserunt</strong></span> <span class='ocrx_word' id='word_1_105' title='bbox 597 2336 797 2420; x_wconf 63' lang='lat' dir='ltr'><strong>Agrigentum,</strong></span> <span class='ocrx_word' id='word_1_106' title='bbox 830 2335 955 2414; x_wconf 80' lang='lat' dir='ltr'><strong>Gelam,</strong></span> <span class='ocrx_word' id='word_1_107' title='bbox 986 2337 1160 2423; x_wconf 77' lang='lat' dir='ltr'><strong>Syracusas</strong></span> <span class='ocrx_word' id='word_1_108' title='bbox 1174 2343 1208 2415; x_wconf 83' lang='lat'><strong>¹),</strong></span> <span class='ocrx_word' id='word_1_109' title='bbox 1241 2339 1297 2421; x_wconf 93' lang='lat' dir='ltr'><strong>qni</strong></span> <span class='ocrx_word' id='word_1_110' title='bbox 1330 2334 1444 2399; x_wconf 89' lang='lat' dir='ltr'><strong>urbem</strong></span> 
     </span>
     <span class='ocr_line' id='line_1_16' title="bbox 254 2441 1445 2530; baseline -0.002 -24"><span class='ocrx_word' id='word_1_111' title='bbox 254 2444 381 2528; x_wconf 91' lang='lat' dir='ltr'><strong>magnis</strong></span> <span class='ocrx_word' id='word_1_112' title='bbox 392 2444 432 2530; x_wconf 88' lang='lat' dir='ltr'><strong>in</strong></span> <span class='ocrx_word' id='word_1_113' title='bbox 453 2441 695 2507; x_wconf 89' lang='lat' dir='ltr'><strong>difficultatibus</strong></span> <span class='ocrx_word' id='word_1_114' title='bbox 715 2445 836 2509; x_wconf 86' lang='lat' dir='ltr'><strong>versari</strong></span> <span class='ocrx_word' id='word_1_115' title='bbox 852 2447 1037 2508; x_wconf 85' lang='lat' dir='ltr'><strong>nuntiarent</strong></span> <span class='ocrx_word' id='word_1_116' title='bbox 1052 2441 1274 2527; x_wconf 90' lang='lat' dir='ltr'><strong>auxiliumque</strong></span> <span class='ocrx_word' id='word_1_117' title='bbox 1290 2447 1445 2527; x_wconf 89' lang='lat' dir='ltr'><strong>peterent.</strong></span> 
     </span>
     <span class='ocr_line' id='line_1_17' title="bbox 254 2546 1444 2636; baseline -0.001 -25"><span class='ocrx_word' id='word_1_118' title='bbox 254 2547 324 2628; x_wconf 79' lang='lat' dir='ltr'><strong>Quo</strong></span> <span class='ocrx_word' id='word_1_119' title='bbox 343 2550 456 2613; x_wconf 89' lang='lat' dir='ltr'><strong>nuntio</strong></span> <span class='ocrx_word' id='word_1_120' title='bbox 474 2546 570 2613; x_wconf 90' lang='lat' dir='ltr'><strong>allato</strong></span> <span class='ocrx_word' id='word_1_121' title='bbox 589 2552 794 2636; x_wconf 71' lang='lat' dir='ltr'><strong>Agrigentini</strong></span> <span class='ocrx_word' id='word_1_122' title='bbox 813 2557 845 2614; x_wconf 88' lang='lat' dir='ltr'><strong>et</strong></span> <span class='ocrx_word' id='word_1_123' title='bbox 865 2548 1018 2615; x_wconf 81' lang='lat' dir='ltr'><strong>Salenses</strong></span> <span class='ocrx_word' id='word_1_124' title='bbox 1037 2548 1129 2614; x_wconf 91' lang='lat' dir='ltr'><strong>nulla</strong></span> <span class='ocrx_word' id='word_1_125' title='bbox 1148 2569 1237 2614; x_wconf 90' lang='lat' dir='ltr'><strong>mora</strong></span> <span class='ocrx_word' id='word_1_126' title='bbox 1255 2548 1444 2632; x_wconf 88' lang='lat' dir='ltr'><strong>interposita</strong></span> 
     </span>
     <span class='ocr_line' id='line_1_18' title="bbox 254 2653 1443 2743; baseline -0.003 -24"><span class='ocrx_word' id='word_1_127' title='bbox 254 2655 395 2719; x_wconf 90' lang='lat' dir='ltr'><strong>exercitu</strong></span> <span class='ocrx_word' id='word_1_128' title='bbox 415 2660 534 2738; x_wconf 88' lang='lat' dir='ltr'><strong>parato,</strong></span> <span class='ocrx_word' id='word_1_129' title='bbox 555 2661 592 2719; x_wconf 90' lang='lat' dir='ltr'><strong>ut</strong></span> <span class='ocrx_word' id='word_1_130' title='bbox 612 2658 788 2720; x_wconf 91' lang='lat' dir='ltr'><strong>coniunctis</strong></span> <span class='ocrx_word' id='word_1_131' title='bbox 805 2656 931 2720; x_wconf 89' lang='lat' dir='ltr'><strong>viribus</strong></span> <span class='ocrx_word' id='word_1_132' title='bbox 951 2653 1230 2743; x_wconf 85' lang='lat' dir='ltr'><strong>Carthaginienses</strong></span> <span class='ocrx_word' id='word_1_133' title='bbox 1247 2653 1443 2728; x_wconf 78' lang='lat' dir='ltr'><strong>invaderent,</strong></span> 
     </span>
     <span class='ocr_line' id='line_1_19' title="bbox 253 2757 1443 2848; baseline -0.004 -21"><span class='ocrx_word' id='word_1_134' title='bbox 253 2760 526 2846; x_wconf 80' lang='lat' dir='ltr'><strong>Syracusanorum</strong></span> <span class='ocrx_word' id='word_1_135' title='bbox 553 2765 710 2827; x_wconf 89' lang='lat' dir='ltr'><strong>exercitus</strong></span> <span class='ocrx_word' id='word_1_136' title='bbox 731 2761 908 2829; x_wconf 88' lang='lat' dir='ltr'><strong>adventum</strong></span> <span class='ocrx_word' id='word_1_137' title='bbox 931 2768 1097 2848; x_wconf 88' lang='lat' dir='ltr'><strong>expectare</strong></span> <span class='ocrx_word' id='word_1_138' title='bbox 1118 2765 1362 2827; x_wconf 87' lang='lat' dir='ltr'><strong>constituerunt.</strong></span> <span class='ocrx_word' id='word_1_139' title='bbox 1386 2757 1443 2835; x_wconf 92' lang='lat' dir='ltr'><strong>Hi,</strong></span> 
     </span>
     <span class='ocr_line' id='line_1_20' title="bbox 254 2866 1446 2955; baseline -0.003 -23"><span class='ocrx_word' id='word_1_140' title='bbox 254 2869 402 2932; x_wconf 89' lang='lat' dir='ltr'><strong>certiores</strong></span> <span class='ocrx_word' id='word_1_141' title='bbox 431 2866 508 2932; x_wconf 84' lang='lat' dir='ltr'><strong>iacti</strong></span> <span class='ocrx_word' id='word_1_142' title='bbox 538 2866 576 2932; x_wconf 90' lang='lat' dir='ltr'><strong>de</strong></span> <span class='ocrx_word' id='word_1_143' title='bbox 607 2867 848 2934; x_wconf 89' lang='lat' dir='ltr'><strong>difficultatibus</strong></span> <span class='ocrx_word' id='word_1_144' title='bbox 880 2869 997 2955; x_wconf 90' lang='lat' dir='ltr'><strong>quibus</strong></span> <span class='ocrx_word' id='word_1_145' title='bbox 1027 2875 1247 2954; x_wconf 87' lang='lat' dir='ltr'><strong>premerentur</strong></span> <span class='ocrx_word' id='word_1_146' title='bbox 1271 2866 1446 2932; x_wconf 87' lang='lat' dir='ltr'><strong>Selinuntii</strong></span> 
     </span>
     <span class='ocr_line' id='line_1_21' title="bbox 252 2972 1446 3062; baseline -0.003 -24"><span class='ocrx_word' id='word_1_147' title='bbox 252 2975 363 3038; x_wconf 89' lang='lat' dir='ltr'><strong>statim</strong></span> <span class='ocrx_word' id='word_1_148' title='bbox 398 2972 529 3058; x_wconf 89' lang='lat' dir='ltr'><strong>quidem</strong></span> <span class='ocrx_word' id='word_1_149' title='bbox 558 2973 700 3059; x_wconf 89' lang='lat' dir='ltr'><strong>undique</strong></span> <span class='ocrx_word' id='word_1_150' title='bbox 725 2979 833 3062; x_wconf 88' lang='lat' dir='ltr'><strong>copias</strong></span> <span class='ocrx_word' id='word_1_151' title='bbox 855 2980 1082 3041; x_wconf 90' lang='lat' dir='ltr'><strong>contraxerunt</strong></span> <span class='ocrx_word' id='word_1_152' title='bbox 1104 2974 1159 3040; x_wconf 92' lang='lat' dir='ltr'><strong>sed</strong></span> <span class='ocrx_word' id='word_1_153' title='bbox 1182 2979 1341 3040; x_wconf 89' lang='lat' dir='ltr'><strong>maturato</strong></span> <span class='ocrx_word' id='word_1_154' title='bbox 1365 2993 1446 3057; x_wconf 91' lang='lat' dir='ltr'><strong>opus</strong></span> 
     </span>
     <span class='ocr_line' id='line_1_22' title="bbox 253 3078 1445 3167; baseline -0.002 -24"><span class='ocrx_word' id='word_1_155' title='bbox 253 3100 316 3144; x_wconf 91' lang='lat' dir='ltr'><strong>non</strong></span> <span class='ocrx_word' id='word_1_156' title='bbox 338 3099 405 3144; x_wconf 88' lang='lat' dir='ltr'><strong>esse</strong></span> <span class='ocrx_word' id='word_1_157' title='bbox 428 3083 588 3164; x_wconf 88' lang='lat' dir='ltr'><strong>putantes,</strong></span> <span class='ocrx_word' id='word_1_158' title='bbox 613 3101 770 3166; x_wconf 89' lang='lat' dir='ltr'><strong>maguum</strong></span> <span class='ocrx_word' id='word_1_159' title='bbox 793 3082 936 3147; x_wconf 86' lang='lat' dir='ltr'><strong>fecerunt</strong></span> <span class='ocrx_word' id='word_1_160' title='bbox 960 3081 1039 3147; x_wconf 90' lang='lat' dir='ltr'><strong>belli</strong></span> <span class='ocrx_word' id='word_1_161' title='bbox 1062 3090 1252 3167; x_wconf 88' lang='lat' dir='ltr'><strong>apparatum</strong></span> <span class='ocrx_word' id='word_1_162' title='bbox 1272 3086 1304 3144; x_wconf 94' lang='lat' dir='ltr'><strong>et</strong></span> <span class='ocrx_word' id='word_1_163' title='bbox 1323 3078 1445 3143; x_wconf 91' lang='lat' dir='ltr'><strong>diutins</strong></span> 
     </span>
     <span class='ocr_line' id='line_1_23' title="bbox 253 3183 1444 3274; baseline 0 -25"><span class='ocrx_word' id='word_1_164' title='bbox 253 3186 467 3250; x_wconf 89' lang='lat' dir='ltr'><strong>morabantur.</strong></span> <span class='ocrx_word' id='word_1_165' title='bbox 500 3184 587 3265; x_wconf 80' lang='lat' dir='ltr'><strong>Quae</strong></span> <span class='ocrx_word' id='word_1_166' title='bbox 617 3208 706 3253; x_wconf 92' lang='lat' dir='ltr'><strong>mora</strong></span> <span class='ocrx_word' id='word_1_167' title='bbox 736 3187 991 3254; x_wconf 89' lang='lat' dir='ltr'><strong>Selinuntiornm</strong></span> <span class='ocrx_word' id='word_1_168' title='bbox 1023 3188 1096 3253; x_wconf 91' lang='lat' dir='ltr'><strong>urbi</strong></span> <span class='ocrx_word' id='word_1_169' title='bbox 1127 3188 1301 3274; x_wconf 87' lang='lat' dir='ltr'><strong>perniciem</strong></span> <span class='ocrx_word' id='word_1_170' title='bbox 1322 3183 1444 3250; x_wconf 87' lang='lat' dir='ltr'><strong>attolit.</strong></span> 
     </span>
     <span class='ocr_line' id='line_1_24' title="bbox 252 3290 1446 3381; baseline -0.002 -24"><span class='ocrx_word' id='word_1_171' title='bbox 252 3293 343 3358; x_wconf 92' lang='lat' dir='ltr'><strong>Nono</strong></span> <span class='ocrx_word' id='word_1_172' title='bbox 365 3295 452 3358; x_wconf 89' lang='lat' dir='ltr'><strong>enim</strong></span> <span class='ocrx_word' id='word_1_173' title='bbox 477 3292 528 3360; x_wconf 87' lang='lat' dir='ltr'><strong>die</strong></span> <span class='ocrx_word' id='word_1_174' title='bbox 550 3299 720 3381; x_wconf 86' lang='lat' dir='ltr'><strong>postquam</strong></span> <span class='ocrx_word' id='word_1_175' title='bbox 740 3294 938 3362; x_wconf 91' lang='lat' dir='ltr'><strong>Selinuntios</strong></span> <span class='ocrx_word' id='word_1_176' title='bbox 958 3296 1101 3363; x_wconf 90' lang='lat' dir='ltr'><strong>obsidere</strong></span> <span class='ocrx_word' id='word_1_177' title='bbox 1120 3301 1264 3380; x_wconf 86' lang='lat' dir='ltr'><strong>coeperat</strong></span> <span class='ocrx_word' id='word_1_178' title='bbox 1285 3290 1446 3358; x_wconf 87' lang='lat' dir='ltr'><strong>Hannibal</strong></span> 
     </span>
     <span class='ocr_line' id='line_1_25' title="bbox 256 3398 1446 3485; baseline -0.002 -21"><span class='ocrx_word' id='word_1_179' title='bbox 256 3400 367 3464; x_wconf 90' lang='lat' dir='ltr'><strong>urbem</strong></span> <span class='ocrx_word' id='word_1_180' title='bbox 386 3402 481 3485; x_wconf 85' lang='lat' dir='ltr'><strong>cepit.</strong></span> <span class='ocrx_word' id='word_1_181' title='bbox 497 3398 753 3467; x_wconf 89' lang='lat' dir='ltr'><strong>Selinuntiorum</strong></span> <span class='ocrx_word' id='word_1_182' title='bbox 766 3401 932 3468; x_wconf 90' lang='lat' dir='ltr'><strong>duomilia</strong></span> <span class='ocrx_word' id='word_1_183' title='bbox 949 3405 1090 3468; x_wconf 82' lang='lat' dir='ltr'><strong>sexcenti</strong></span> <span class='ocrx_word' id='word_1_184' title='bbox 1107 3403 1249 3467; x_wconf 90' lang='lat' dir='ltr'><strong>hostium</strong></span> <span class='ocrx_word' id='word_1_185' title='bbox 1267 3399 1446 3465; x_wconf 88' lang='lat' dir='ltr'><strong>emanibus</strong></span> 
     </span>
     <span class='ocr_line' id='line_1_26' title="bbox 255 3505 1446 3593; baseline -0.003 -22"><span class='ocrx_word' id='word_1_186' title='bbox 255 3505 435 3593; x_wconf 86' lang='lat' dir='ltr'><strong>effugerunt</strong></span> <span class='ocrx_word' id='word_1_187' title='bbox 465 3512 498 3571; x_wconf 88' lang='lat' dir='ltr'><strong>et</strong></span> <span class='ocrx_word' id='word_1_188' title='bbox 528 3507 746 3593; x_wconf 85' lang='lat' dir='ltr'><strong>Agrigentum</strong></span> <span class='ocrx_word' id='word_1_189' title='bbox 776 3529 810 3573; x_wconf 93' lang='lat' dir='ltr'><strong>se</strong></span> <span class='ocrx_word' id='word_1_190' title='bbox 839 3507 1054 3585; x_wconf 86' lang='lat' dir='ltr'><strong>contuleruut,</strong></span> <span class='ocrx_word' id='word_1_191' title='bbox 1077 3509 1187 3593; x_wconf 90' lang='lat' dir='ltr'><strong>ibique</strong></span> <span class='ocrx_word' id='word_1_192' title='bbox 1210 3507 1347 3593; x_wconf 89' lang='lat' dir='ltr'><strong>benigne</strong></span> <span class='ocrx_word' id='word_1_193' title='bbox 1370 3509 1446 3569; x_wconf 91' lang='lat' dir='ltr'><strong>sunt</strong></span> 
     </span>
     <span class='ocr_line' id='line_1_27' title="bbox 256 3610 1446 3698; baseline -0.001 -22"><span class='ocrx_word' id='word_1_194' title='bbox 256 3614 380 3697; x_wconf 87' lang='lat' dir='ltr'><strong>excepti</strong></span> <span class='ocrx_word' id='word_1_195' title='bbox 393 3610 419 3690; x_wconf 88' lang='lat'><strong>²)</strong></span> <span class='ocrx_word' id='word_1_196' title='bbox 427 3632 435 3689; x_wconf 78' lang='lat'><em>3</em></span> <span class='ocrx_word' id='word_1_197' title='bbox 470 3613 586 3697; x_wconf 91' lang='lat' dir='ltr'><strong>quibus</strong></span> <span class='ocrx_word' id='word_1_198' title='bbox 623 3619 734 3698; x_wconf 91' lang='lat' dir='ltr'><strong>postea</strong></span> <span class='ocrx_word' id='word_1_199' title='bbox 767 3613 928 3679; x_wconf 87' lang='lat' dir='ltr'><strong>Hannibal</strong></span> <span class='ocrx_word' id='word_1_200' title='bbox 959 3615 1098 3679; x_wconf 89' lang='lat' dir='ltr'><strong>reditum</strong></span> <span class='ocrx_word' id='word_1_201' title='bbox 1134 3616 1168 3678; x_wconf 91' lang='lat' dir='ltr'><strong>in</strong></span> <span class='ocrx_word' id='word_1_202' title='bbox 1203 3615 1342 3698; x_wconf 88' lang='lat' dir='ltr'><strong>patriam</strong></span> <span class='ocrx_word' id='word_1_203' title='bbox 1375 3632 1446 3676; x_wconf 90' lang='lat' dir='ltr'><strong>con-</strong></span> 
     </span>
     <span class='ocr_line' id='line_1_28' title="bbox 257 3718 1444 3807; baseline -0.002 -23"><span class='ocrx_word' id='word_1_204' title='bbox 257 3721 352 3784; x_wconf 86' lang='lat' dir='ltr'><strong>cessit</strong></span> <span class='ocrx_word' id='word_1_205' title='bbox 381 3719 440 3783; x_wconf 87' lang='lat' dir='ltr'><strong>hac</strong></span> <span class='ocrx_word' id='word_1_206' title='bbox 469 3720 652 3785; x_wconf 90' lang='lat' dir='ltr'><strong>condicione</strong></span> <span class='ocrx_word' id='word_1_207' title='bbox 675 3727 713 3785; x_wconf 93' lang='lat' dir='ltr'><strong>ut</strong></span> <span class='ocrx_word' id='word_1_208' title='bbox 739 3719 1057 3807; x_wconf 80' lang='lat' dir='ltr'><strong>Carthaginiensibus</strong></span> <span class='ocrx_word' id='word_1_209' title='bbox 1079 3722 1240 3786; x_wconf 91' lang='lat' dir='ltr'><strong>tributum</strong></span> <span class='ocrx_word' id='word_1_210' title='bbox 1264 3718 1444 3805; x_wconf 88' lang='lat' dir='ltr'><strong>penderent.</strong></span> 
     </span>
     <span class='ocr_line' id='line_1_29' title="bbox 259 3823 1447 3914; baseline -0.001 -24"><span class='ocrx_word' id='word_1_211' title='bbox 259 3823 432 3902; x_wconf 86' lang='lat' dir='ltr'><strong>Hannibal,</strong></span> <span class='ocrx_word' id='word_1_212' title='bbox 465 3824 719 3892; x_wconf 91' lang='lat' dir='ltr'><strong>Selinuntiorum</strong></span> <span class='ocrx_word' id='word_1_213' title='bbox 753 3829 832 3893; x_wconf 90' lang='lat' dir='ltr'><strong>urbe</strong></span> <span class='ocrx_word' id='word_1_214' title='bbox 866 3835 1061 3914; x_wconf 89' lang='lat' dir='ltr'><strong>expugnata,</strong></span> <span class='ocrx_word' id='word_1_215' title='bbox 1096 3834 1163 3893; x_wconf 93' lang='lat' dir='ltr'><strong>toto</strong></span> <span class='ocrx_word' id='word_1_216' title='bbox 1196 3848 1270 3893; x_wconf 89' lang='lat' dir='ltr'><strong>cum</strong></span> <span class='ocrx_word' id='word_1_217' title='bbox 1305 3828 1447 3891; x_wconf 90' lang='lat' dir='ltr'><strong>exercitu</strong></span> 
     </span>
    </p>
   </div>
   <div class='ocr_carea' id='block_1_3' title="bbox 171 3931 1447 4009">
    <p class='ocr_par' dir='ltr' id='par_1_5' title="bbox 171 3931 1447 4009">
     <span class='ocr_line' id='line_1_30' title="bbox 171 3931 1447 4009; baseline -0.001 -13"><span class='ocrx_word' id='word_1_218' title='bbox 171 3943 173 3948; x_wconf 85' lang='lat'>&#39;</span> <span class='ocrx_word' id='word_1_219' title='bbox 258 3931 428 3997; x_wconf 91' lang='lat' dir='ltr'><strong>Himeram</strong></span> <span class='ocrx_word' id='word_1_220' title='bbox 459 3933 620 3998; x_wconf 85' lang='lat' dir='ltr'><strong>contendit</strong></span> <span class='ocrx_word' id='word_1_221' title='bbox 650 3941 687 3998; x_wconf 91' lang='lat' dir='ltr'><strong>ut</strong></span> <span class='ocrx_word' id='word_1_222' title='bbox 718 3955 817 4000; x_wconf 89' lang='lat' dir='ltr'><strong>avum</strong></span> <span class='ocrx_word' id='word_1_223' title='bbox 848 3956 944 4000; x_wconf 86' lang='lat' dir='ltr'><strong>suurn</strong></span> <span class='ocrx_word' id='word_1_224' title='bbox 975 3933 1194 4000; x_wconf 88' lang='lat' dir='ltr'><strong>Hamilcarem</strong></span> <span class='ocrx_word' id='word_1_225' title='bbox 1223 3932 1447 4009; x_wconf 85' lang='lat' dir='ltr'><strong>ulcisceretnr;</strong></span> 
     </span>
    </p>
   </div>
   <div class='ocr_carea' id='block_1_4' title="bbox 258 4038 1448 4234">
    <p class='ocr_par' dir='ltr' id='par_1_6' title="bbox 258 4038 1448 4234">
     <span class='ocr_line' id='line_1_31' title="bbox 259 4038 1448 4128; baseline 0.001 -25"><span class='ocrx_word' id='word_1_226' title='bbox 259 4059 321 4124; x_wconf 89' lang='lat' dir='ltr'><strong>qua</strong></span> <span class='ocrx_word' id='word_1_227' title='bbox 350 4039 429 4103; x_wconf 90' lang='lat' dir='ltr'><strong>urbe</strong></span> <span class='ocrx_word' id='word_1_228' title='bbox 459 4047 551 4125; x_wconf 88' lang='lat' dir='ltr'><strong>capta</strong></span> <span class='ocrx_word' id='word_1_229' title='bbox 584 4045 792 4107; x_wconf 89' lang='lat' dir='ltr'><strong>mercenarios</strong></span> <span class='ocrx_word' id='word_1_230' title='bbox 823 4040 1002 4128; x_wconf 89' lang='lat' dir='ltr'><strong>Campanos</strong></span> <span class='ocrx_word' id='word_1_231' title='bbox 1032 4044 1195 4126; x_wconf 89' lang='lat' dir='ltr'><strong>sociosque</strong></span> <span class='ocrx_word' id='word_1_232' title='bbox 1226 4061 1300 4105; x_wconf 90' lang='lat' dir='ltr'><strong>suos</strong></span> <span class='ocrx_word' id='word_1_233' title='bbox 1323 4038 1448 4105; x_wconf 89' lang='lat' dir='ltr'><strong>Siculos</strong></span> 
     </span>
     <span class='ocr_line' id='line_1_32' title="bbox 258 4144 1448 4234; baseline -0.002 -23"><span class='ocrx_word' id='word_1_234' title='bbox 258 4148 495 4231; x_wconf 77' lang='lat' dir='ltr'><strong>exauctoravit5</strong></span> <span class='ocrx_word' id='word_1_235' title='bbox 536 4149 615 4232; x_wconf 91' lang='lat' dir='ltr'><strong>ipse,</strong></span> <span class='ocrx_word' id='word_1_236' title='bbox 653 4147 818 4233; x_wconf 89' lang='lat' dir='ltr'><strong>praesidiis</strong></span> <span class='ocrx_word' id='word_1_237' title='bbox 852 4152 886 4212; x_wconf 86' lang='lat' dir='ltr'><strong>in</strong></span> <span class='ocrx_word' id='word_1_238' title='bbox 920 4151 1115 4234; x_wconf 89' lang='lat' dir='ltr'><strong>expugnatis</strong></span> <span class='ocrx_word' id='word_1_239' title='bbox 1150 4147 1281 4212; x_wconf 90' lang='lat' dir='ltr'><strong>urbibus</strong></span> <span class='ocrx_word' id='word_1_240' title='bbox 1316 4144 1448 4222; x_wconf 89' lang='lat' dir='ltr'><strong>relictis,</strong></span> 
     </span>
    </p>
   </div>
   <div class='ocr_carea' id='block_1_5' title="bbox 260 4450 1447 4765">
    <p class='ocr_par' dir='ltr' id='par_1_7' title="bbox 295 4450 679 4518">
     <span class='ocr_line' id='line_1_33' title="bbox 295 4450 679 4518; baseline 0.005 -19"><span class='ocrx_word' id='word_1_241' title='bbox 295 4450 318 4512; x_wconf 85' lang='lat' dir='ltr'><strong>l)</strong></span> <span class='ocrx_word' id='word_1_242' title='bbox 335 4451 408 4501; x_wconf 89' lang='lat' dir='ltr'><strong>Diod.</strong></span> <span class='ocrx_word' id='word_1_243' title='bbox 425 4452 472 4502; x_wconf 86' lang='lat' dir='ltr'><strong>Sic.</strong></span> <span class='ocrx_word' id='word_1_244' title='bbox 490 4451 559 4511; x_wconf 82' lang='lat' dir='ltr'><strong>xm,</strong></span> <span class='ocrx_word' id='word_1_245' title='bbox 579 4453 609 4501; x_wconf 80' lang='lat' dir='ltr'><strong>bd</strong></span> <span class='ocrx_word' id='word_1_246' title='bbox 627 4468 679 4518; x_wconf 89' lang='lat' dir='ltr'><strong>sqq.</strong></span> 
     </span>
    </p>

    <p class='ocr_par' dir='ltr' id='par_1_8' title="bbox 260 4530 1447 4765">
     <span class='ocr_line' id='line_1_34' title="bbox 294 4530 1446 4600; baseline -0.003 -16"><span class='ocrx_word' id='word_1_247' title='bbox 294 4535 322 4600; x_wconf 77' lang='lat' dir='ltr'><strong>S)</strong></span> <span class='ocrx_word' id='word_1_248' title='bbox 340 4535 410 4585; x_wconf 87' lang='lat' dir='ltr'><strong>Diod.</strong></span> <span class='ocrx_word' id='word_1_249' title='bbox 427 4535 474 4584; x_wconf 86' lang='lat' dir='ltr'><strong>Sic.</strong></span> <span class='ocrx_word' id='word_1_250' title='bbox 491 4535 560 4595; x_wconf 85' lang='lat' dir='ltr'><strong>XIII,</strong></span> <span class='ocrx_word' id='word_1_251' title='bbox 578 4535 620 4585; x_wconf 74' lang='lat' dir='ltr'><strong>s8=</strong></span> <span class='ocrx_word' id='word_1_252' title='bbox 641 4570 647 4584; x_wconf 85' lang='lat'><strong>.</strong></span> <span class='ocrx_word' id='word_1_253' title='bbox 665 4571 671 4585; x_wconf 89' lang='lat'><strong>.</strong></span> <span class='ocrx_word' id='word_1_254' title='bbox 690 4572 697 4584; x_wconf 89' lang='lat'><strong>.</strong></span> <span class='ocrx_word' id='word_1_255' title='bbox 714 4530 944 4594; x_wconf 71' lang='grc' dir='ltr'><strong>σιτομιτρῆσαντις</strong></span> <span class='ocrx_word' id='word_1_256' title='bbox 960 4531 1047 4590; x_wconf 69' lang='grc' dir='ltr'><strong>αὑτοῖς</strong></span> <span class='ocrx_word' id='word_1_257' title='bbox 1061 4530 1169 4598; x_wconf 76' lang='grc' dir='ltr'><strong>δημοσίᾳ</strong></span> <span class='ocrx_word' id='word_1_258' title='bbox 1184 4530 1300 4581; x_wconf 69' lang='grc' dir='ltr'><strong>διέδωκαν</strong></span> <span class='ocrx_word' id='word_1_259' title='bbox 1314 4532 1382 4581; x_wconf 66' lang='grc' dir='ltr'><strong>κατὰ</strong></span> <span class='ocrx_word' id='word_1_260' title='bbox 1397 4532 1446 4588; x_wconf 66' lang='lat' dir='ltr'><strong>rba</strong></span> 
     </span>
     <span class='ocr_line' id='line_1_35' title="bbox 260 4607 1447 4678; baseline -0.003 -13"><span class='ocrx_word' id='word_1_261' title='bbox 260 4614 347 4674; x_wconf 68' lang='lat' dir='ltr'><strong>ciulac,</strong></span> <span class='ocrx_word' id='word_1_262' title='bbox 363 4614 607 4678; x_wconf 69' lang='grc' dir='ltr'><strong>παρακελευσάμενοι</strong></span> <span class='ocrx_word' id='word_1_263' title='bbox 624 4616 678 4674; x_wconf 79' lang='grc' dir='ltr'><strong>τοῖς</strong></span> <span class='ocrx_word' id='word_1_264' title='bbox 694 4613 805 4675; x_wconf 69' lang='grc' dir='ltr'><strong>ἷδιίιταις</strong></span> <span class='ocrx_word' id='word_1_265' title='bbox 821 4613 864 4663; x_wconf 73' lang='grc' dir='ltr'><strong>καὶ</strong></span> <span class='ocrx_word' id='word_1_266' title='bbox 879 4612 968 4674; x_wconf 70' lang='grc' dir='ltr'><strong><em>αὐτοῖς</em></strong></span> <span class='ocrx_word' id='word_1_267' title='bbox 982 4612 1112 4676; x_wconf 71' lang='grc' dir='ltr'><strong>προδόμοις</strong></span> <span class='ocrx_word' id='word_1_268' title='bbox 1127 4609 1190 4672; x_wconf 75' lang='lat' dir='ltr'><strong>odra,</strong></span> <span class='ocrx_word' id='word_1_269' title='bbox 1204 4607 1320 4677; x_wconf 65' lang='grc' dir='ltr'><strong>χορηγιῗν</strong></span> <span class='ocrx_word' id='word_1_270' title='bbox 1334 4613 1369 4662; x_wconf 69' lang='lat' dir='ltr'><strong>rb</strong></span> <span class='ocrx_word' id='word_1_271' title='bbox 1387 4614 1447 4673; x_wconf 74' lang='grc' dir='ltr'><strong>πρὸς</strong></span> 
     </span>
     <span class='ocr_line' id='line_1_36' title="bbox 262 4697 483 4765; baseline 0.005 -17"><span class='ocrx_word' id='word_1_272' title='bbox 262 4699 292 4748; x_wconf 84' lang='grc' dir='ltr'><strong>τδ</strong></span> <span class='ocrx_word' id='word_1_273' title='bbox 309 4697 356 4765; x_wconf 59' lang='grc' dir='ltr'><strong>ζῆν</strong></span> <span class='ocrx_word' id='word_1_274' title='bbox 373 4697 483 4749; x_wconf 72' lang='lat' dir='ltr'><strong>itraaroe.</strong></span> 
     </span>
    </p>
   </div>
   <div class='ocr_carea' id='block_1_6' title="bbox 0 0 1882 5767">
    <p class='ocr_par' dir='ltr' id='par_1_9' title="bbox 0 0 1882 5767">
     <span class='ocr_line' id='line_1_37' title="bbox 0 0 1882 5767; baseline 0 0"><span class='ocrx_word' id='word_1_275' title='bbox 0 0 1882 5767; x_wconf 95' lang='lat' dir='ltr'><strong> </strong></span> 
     </span>
    </p>
   </div>
  </div>
 </body>
</html>
