3734 5767
1050 729 1071 794 8

460 912 647 979 eoholiaete:
677 911 771 976 Ἔνιοι
803 910 835 976 δέ
865 917 964 991 φασιν
994 910 1040 977 ότι
1072 918 1125 977 τοῦ
1159 912 1290 990 θιίρυνος
1312 913 1338 977 oi
1358 910 1494 991 πρόγονοι
1518 910 1646 983 οὐδόνας

460 1021 503 1091 είς
528 1022 582 1092 τὴν
606 1019 705 1083 Γέλαν
731 1029 866 1099 κατῖρραν
890 1018 965 1083 ἀλλ’
986 1021 1071 1090 εὐθὺς
1093 1021 1135 1089 είς
1155 1022 1209 1092 τὴν
1228 1021 1430 1097 Ἀκράγαντα
1450 1021 1512 1086 α’τδ
1533 1018 1645 1096 Ῥοδου,

460 1129 499 1197 τίς
531 1127 583 1189 καί
609 1128 623 1191 ό
648 1124 791 1203 Πίνδαρος
823 1126 920 1204 λέγει.
942 1124 1003 1190 *Aa
1026 1126 1057 1191 δέ
1083 1126 1180 1190 Ῥόδον
1204 1109 1399 1207 κατῴκισόεν,
1424 1126 1480 1190 ἔνθ’
1504 1129 1646 1205 α’φορμα-

461 1234 573 1311 όέντες,
593 1234 717 1311 ὑψηλόν
743 1234 832 1297 πόλιν
855 1233 1097 1309 ἀμφινέμονται,
1123 1242 1259 1297 πλείστα
1283 1235 1339 1307 μέν
1362 1232 1426 1309 top·
1450 1234 1646 1298 ἀθανάτοισιν

459 1340 632 1420 όνέχοντετ.
657 1338 747 1418 Quod
769 1341 797 1404 si
822 1360 934 1403 verum
955 1348 1013 1415 est,
1025 1340 1120 1403 verba
1144 1340 1293 1410 καμόντες
1318 1335 1345 1404 οἳ
1365 1341 1468 1403 πολλοὶ
1489 1342 1570 1420 θυμῷ
1589 1340 1642 1403 κτὲ

460 1445 500 1510 ad
522 1445 643 1511 bellum
663 1466 737 1510 enm
757 1444 878 1511 Sicanis
901 1467 919 1510 a
940 1441 1131 1510 Gelensibus
1153 1451 1281 1532 gestum
1305 1467 1367 1511 non
1387 1467 1455 1512 esse
1473 1446 1645 1522 referenda,

459 1574 553 1619 nemo
585 1554 711 1637 estqui
735 1571 796 1615 non
820 1550 919 1615 videt.
944 1550 1005 1616 Sed
1030 1550 1105 1616 lieet
1130 1572 1192 1616 una
1214 1573 1289 1617 oum
1312 1552 1432 1618 oolonis
1456 1550 1647 1619 Gelensibus

461 1657 542 1725 Gela
570 1661 635 1723 sint
657 1658 788 1743 profecti
812 1655 966 1722 Theronis
990 1661 1134 1734 maiores,
1160 1666 1264 1723 tamen
1289 1658 1420 1724 Pindari
1444 1660 1549 1737 verba,
1572 1679 1649 1746 enm

459 1767 525 1829 iam
556 1772 629 1830 ante
659 1766 876 1851 Agrigentum
907 1763 1071 1828 eonditum
1104 1763 1208 1829 multo
1237 1767 1379 1831 animose
1414 1765 1602 1832 tolerassent
1622 1762 1647 1844 l)

462 1873 596 1945 Θνὶριυνος
620 1874 761 1950 πατέρες,
784 1873 817 1934 in
843 1869 900 1934 hae
923 1890 958 1934 re
981 1869 1027 1934 nil
1051 1871 1195 1956 probant.

505 1976 718 2043 Nihiloseoins
753 1977 892 2041 dubitari
926 1998 989 2041 non
1023 1986 1128 2061 potest
1160 1981 1238 2062 quin
1274 1977 1380 2044 Sioani
1414 2000 1487 2045 enm
1518 1976 1649 2045 Graecis

460 2083 588 2149 advenis
618 2083 740 2149 bellum
772 2086 903 2148 inierint
935 2091 967 2147 et
997 2087 1084 2149 omni
1116 2087 1235 2149 virium
1258 2088 1459 2151 contentione
1481 2089 1561 2151 enisi
1584 2089 1649 2151 sint

460 2197 497 2256 ut
519 2190 673 2276 oppidum
696 2212 792 2255 enum
815 2211 832 2255 a
855 2188 985 2255 Graecis
1009 2190 1220 2256 defenderent.
1244 2190 1333 2270 Quod
1357 2195 1418 2257 etsi
1437 2193 1554 2258 frustra
1572 2200 1648 2258 sunt

460 2299 564 2362 eonati
594 2307 626 2360 et
657 2294 787 2361 Graecis
818 2296 927 2361 oedere
959 2305 1035 2361 sunt
1059 2302 1169 2373 eoacti,
1193 2297 1382 2364 Sicanorum
1406 2308 1512 2364 tamen
1536 2298 1645 2385 oppidi

459 2405 654 2489 expugnatio
677 2402 814 2467 effecisse
836 2424 898 2467 non
923 2401 1053 2468 videtur
1075 2411 1113 2468 nt
1136 2404 1213 2469 belli
1234 2403 1306 2468 finis
1329 2403 1427 2480 fieret,
1452 2425 1645 2489 nemusque

458 2510 498 2576 ad
533 2509 728 2600 Phalaridis⁴
745 2518 883 2574 estatem
918 2511 1139 2596 Agrigentinis
1172 2532 1246 2576 eum
1280 2510 1401 2576 Sicanis
1436 2510 1517 2576 bella
1548 2512 1646 2575 fuisse

458 2615 597 2703 gerenda
627 2622 757 2701 apparet
788 2636 826 2680 ex
856 2618 896 2679 iis
927 2637 1007 2701 qnae
1037 2615 1219 2703 Polyaenus
1242 2617 1279 2682 de
1303 2621 1433 2704 tyranni
1457 2616 1548 2683 bellis
1572 2638 1646 2682 oum

459 2724 572 2807 priscis
595 2721 719 2786 insulae
742 2720 856 2786 ineolis
878 2725 980 2808 gestis
1001 2729 1108 2787 narrat
1134 2731 1156 2802 ).

504 2829 626 2894 Sioanis
651 2827 792 2914 expulsis
812 2825 926 2894 Graeci
945 2829 1053 2894 locum
1075 2837 1320 2916 ooouparernnt,
1340 2833 1431 2896 cuins
1450 2851 1529 2917 quae
1549 2830 1647 2895 fuerit

458 2941 572 3001 natura
594 2938 736 3020 primum
762 2935 937 3000 videamus.
961 2937 1082 3002 Notum
1108 2947 1156 3003 est
1179 2937 1310 3023 Polybii
1328 2937 1404 3002 libri
1423 2937 1481 3013 IX,
1501 2958 1568 3024 cap.
1591 2935 1645 3014 27,

457 3043 513 3107 ubi
537 3044 674 3108 breviter
697 3041 735 3106 de
759 3044 1046 3128 Agrigentinorum
1071 3045 1159 3108 urbis
1178 3047 1243 3109 situ
1263 3047 1381 3131 agitur.
1402 3042 1530 3131 Polybii
1550 3044 1646 3110 verba

458 3149 536 3214 haee
559 3155 652 3213 sunt:
679 3150 695 3222 ri
719 3147 750 3211 δέ
774 3154 831 3211 τῶν
856 3147 1103 3228 Ἀκραγαντίνων
1128 3151 1216 3220 τόλις
1241 3151 1272 3214 οὗ
1296 3151 1384 3226 μόνον
1409 3152 1492 3214 κατὰ
1517 3152 1558 3215 τό
1580 3173 1648 3228 τρο-

458 3253 600 3332 ειρνρμένα
621 3252 759 3332 διαφέρει
783 3260 840 3318 τῶν
864 3256 1018 3320 πλείσταν
1042 3256 1168 3339 τόλευν,
1192 3258 1280 3321 ἄλλα
1304 3257 1357 3320 καί
1382 3256 1467 3321 κατὰ
1490 3259 1544 3329 τὴν
1568 3259 1644 3339 όχυ·

458 3360 573 3439 ρότνρτα
604 3362 654 3424 καί
687 3360 831 3437 μα’λιττα
864 3364 948 3425 κατὰ
979 3364 1014 3426 τό
1038 3362 1191 3443 κόλλοςί)
1214 3364 1264 3427 καί
1289 3367 1343 3438 τὴν
1367 3364 1570 3438 κατασκευιίν.
1591 3367 1646 3428 Ἔ-

459 3489 581 3531 κτισται
608 3468 665 3545 μέν
684 3467 748 3546 γὰρ
769 3468 831 3533 α’τδ
851 3469 1011 3541 όαλοόττνρς
1033 3470 1062 3533 ἒν
1085 3469 1294 3535 όκτωκαίδεκα
1318 3470 1465 3548 σταδίοις,
1488 3467 1565 3533 ιδ’στε
1588 3494 1645 3546 μκ-

458 3572 538 3645 δενδς
570 3574 710 3650 ἀμοίρους
742 3568 819 3638 είναι
851 3580 908 3638 τῶν
940 3578 973 3639 ἐκ
1005 3575 1122 3648 ταιίτνς
1154 3577 1324 3655 χρησίμων.
1358 3578 1396 3640 ‘0
1422 3574 1453 3640 δέ
1484 3576 1644 3654 τερίβολος

458 3683 554 3756 αὐτοῖς
572 3680 624 3745 καί
641 3680 735 3756 Φύσει
752 3680 804 3744 καί
821 3692 997 3761 κατασκευῇ
1013 3682 1215 3762 διαφερόντως
1236 3684 1443 3762 ἦυφιίλισται.
1464 3690 1564 3748 κεῖται
1581 3686 1643 3762 γίνρ

456 3787 491 3852 τό
522 3796 627 3868 τεῖχος
652 3787 702 3851 ert
728 3787 841 3863 τέτρας
867 3787 1034 3866 ιίκροτόμου
1058 3789 1109 3853 καὶ
1134 3794 1320 3869 περιρρῶγος,
1349 3785 1367 3870 ᾗ
1389 3790 1445 3865 μέν
1468 3793 1641 3869 αὐτοφυοῦς

457 3891 476 3976 ἦ
499 3893 529 3958 δέ
560 3897 782 3976 χειροτοιιίτου,
814 3895 994 3975 περιέχεται
1026 3894 1056 3960 δέ
1088 3903 1260 3973 resumit·
1284 3901 1330 3978 ῥεῖ
1350 3898 1413 3973 γὰρ
1436 3898 1533 3968 αὐτῆς
1557 3897 1643 3975 ταρὰ

456 4002 513 4078 μέν
533 4003 587 4078 τὴν
608 4002 700 4067 νότιον
720 4003 855 4078 τλευρόιν
876 4001 890 4064 ό
914 4003 1082 4076 συνώνυμος
1108 4011 1147 4081 τῇ
1166 4002 1266 4081 πόλει,
1287 4006 1372 4079 ταροὶ
1393 4003 1424 4067 δέ
1445 4008 1499 4076 τίρν
1520 4004 1569 4067 iri
1586 4004 1645 4074 τόις

457 4107 556 4180 δόσεις
590 4108 642 4172 καί
674 4107 725 4172 τόν
757 4108 836 4183 λίβα
867 4111 1082 4186 τετραμμένην
1105 4108 1119 4173 ό
1144 4110 1435 4189 τροςαγορευόμενος
1464 4108 1582 4189 Ὗψας.
1606 4114 1644 4176 ‘H

456 4214 482 4278 δ’
505 4211 585 4289 ι’ίκρα
609 4221 664 4284 τῆς
689 4212 806 4285 πόλεως
832 4216 1008 4295 ὑπερκείται
1033 4215 1107 4281 κατ’
1132 4217 1231 4288 αὐτὸς
1253 4219 1311 4289 τὰς
1336 4217 1450 4297 όερινόις
1475 4218 1642 4296 όνατολοίς,

489 4410 609 4472 1)8ο1ιυί.
627 4411 658 4461 ad
675 4411 745 4462 Pind.
764 4411 843 4461 Curru.
863 4411 895 4462 01
920 4410 956 4471 11,
975 4414 1014 4462 15.

488 4495 513 4554 2)
529 4494 670 4560 Sobobring.
690 4511 713 4546 o.
733 4493 984 4560 l.p.14;1>01yaon.
1003 4496 1032 4555 V,
1052 4498 1074 4555 l,
1094 4497 1116 4545 8.

487 4575 950 4643 a)Piua.crrm.Pyth.x11‚t‚-
966 4577 1097 4626 καλλίστα
1115 4580 1218 4640 βροτεᾶν
1235 4578 1334 4628 xviim.
1358 4608 1388 4618 -
1414 4579 1530 4630 Proernan
1546 4595 1569 4628 o.
1586 4579 1604 4628 l.
1621 4579 1642 4637 1,

452 4674 475 4724 p.
495 4659 542 4708 tat
560 4698 565 4708 .
587 4698 592 4709 .
613 4700 618 4710 .
635 4676 650 4710 κ
667 4660 716 4725 city
734 4660 813 4710 which
830 4659 882 4709 still
901 4660 970 4709 bears
988 4661 1030 4710 the
1047 4677 1119 4712 name
1135 4663 1163 4711 ol
1179 4662 1230 4722 „lae
1248 4663 1402 4728 Magnifiea''.
