3734 5767
796 750 837 819 17

223 930 353 1017 Opinari
371 932 501 999 videtur
519 932 713 1000 Freemanus
733 934 933 1022 Polyaenum
951 935 1057 1000 verbis
1070 934 1207 1014 Φιὶιιιιρις
1222 973 1264 984 -
1277 937 1415 1016 ἐκφέρειν

224 1038 273 1117 (V,
300 1039 329 1124 1,
355 1039 390 1119 2)
420 1061 545 1106 narrare
577 1063 639 1128 quo
669 1042 764 1108 modo
791 1041 937 1107 Phalaris
959 1042 1164 1129 tyrannidem
1189 1043 1250 1108 sibi
1274 1047 1413 1129 peperit3

223 1146 308 1230 quod
340 1148 367 1211 si
401 1168 515 1212 rerum
546 1155 638 1226 esset,
673 1147 783 1234 procul
818 1149 915 1214 dubio
940 1169 1076 1233 eaquae
1099 1150 1210 1213 scribit
1233 1149 1415 1237 Polyaenus

222 1252 259 1330 V,
286 1253 316 1331 1,
342 1253 363 1317 2
394 1262 498 1319 esseut
523 1257 753 1331 „inconsistent
776 1256 854 1320 with
879 1253 934 1320 the
957 1255 1077 1321 former
1099 1255 1210 1342 story”
1236 1255 1287 1334 (V,
1314 1257 1343 1333 l,
1371 1258 1412 1335 1).

221 1358 282 1425 Sed
310 1360 387 1447 quid
410 1362 516 1427 obstat
539 1364 710 1447 quominus
733 1360 830 1427 verba
852 1361 909 1427 illa
932 1365 978 1426 ita
1000 1363 1249 1447 interpretamur
1275 1371 1310 1427 ut
1332 1383 1412 1448 quae

220 1471 328 1531 narrat
358 1466 540 1554 Polyaenus
572 1467 608 1545 V,
635 1468 665 1545 1,
695 1467 716 1533 2
747 1467 830 1533 facta
859 1470 923 1532 siut
954 1470 1058 1553 primo
1090 1466 1144 1532 vel
1171 1467 1307 1533 secundo
1331 1490 1412 1533 anno

218 1572 399 1638 Phalaridis
426 1576 614 1661 tyrannidis.
646 1573 780 1640 Factum
804 1595 871 1640 esse
894 1580 1001 1659 potest
1024 1581 1061 1639 ut
1083 1573 1240 1651 Phalaris,
1264 1584 1411 1640 metuens

220 1700 258 1744 ue
281 1681 366 1744 cives
388 1682 481 1746 noris
504 1679 668 1745 studerent
691 1681 785 1746 rebus
807 1700 896 1746 arma
918 1683 960 1744 iis
983 1680 1083 1745 adimi
1105 1684 1244 1745 iusserit.
1269 1680 1359 1760 Quod
1383 1685 1411 1745 si

220 1807 335 1851 verum
369 1807 436 1851 esse
466 1789 625 1872 ponimus,
652 1789 749 1852 rerba
779 1787 917 1852 duorum
948 1786 1102 1873 Polyaeni
1132 1786 1274 1852 locorum
1297 1808 1412 1873 nequa·

221 1914 317 1980 quam
350 1895 435 1958 inter
464 1915 496 1959 se
526 1901 682 1981 pugnant.
714 1893 891 1970 Praeterea,
923 1899 962 1958 nt
991 1900 1143 1978 putemus
1171 1897 1237 1958 iam
1266 1894 1340 1959 inde
1370 1895 1410 1958 ab

219 2001 311 2088 initio
344 1997 483 2066 Graecos
520 2008 627 2065 totum
658 1999 772 2065 collem
803 2021 897 2065 muro
927 1999 1172 2065 circumdedisse
1202 2000 1315 2065 suadet
1349 2000 1411 2066 loci

219 2114 343 2190 natura,
378 2114 526 2192 recteque
560 2108 672 2172 scribit
705 2103 995 2193 Sohubringius1):
1028 2105 1109 2183 „Die
1139 2105 1233 2171 Stadt
1265 2109 1309 2170 ist
1342 2109 1411 2171 eine

220 2212 275 2277 der
309 2217 470 2299 spitesten
504 2212 661 2278 Kolonien
699 2213 765 2278 und
800 2234 833 2278 es
868 2211 977 2277 wurde
1011 2213 1092 2277 nach
1126 2212 1311 2299 Erlahrung
1345 2212 1411 2276 und

221 2319 362 2384 sicheren
396 2318 517 2384 Pliinen
551 2320 736 2384 verfahren:
771 2320 816 2383 eie
845 2319 886 2382 iat
913 2319 1011 2400 yleicd
1041 2318 1088 2382 ote
1120 2320 1292 2383 Grosrrtodt
1325 2343 1412 2401 ocoe-

221 2426 280 2506 leyt
308 2427 436 2489 worden.
469 2425 511 2490 Es
542 2425 661 2491 lronnte
691 2426 764 2491 dem
795 2424 999 2491 Scharfbliclr
1028 2425 1115 2490 ihrer
1145 2423 1294 2492 Grinder
1321 2428 1409 2491 nicht

220 2533 388 2617 entgeben,
408 2532 479 2597 dass
498 2554 532 2598 es
551 2533 622 2598 hier
639 2533 729 2598 nicht
747 2531 891 2619 moglich
911 2553 986 2609 war,
1004 2531 1118 2617 irgend
1137 2534 1226 2597 einen
1248 2531 1408 2598 einzelnen

220 2638 331 2703 Pnnlrt
366 2638 588 2704 auszuwiihlen
622 2642 685 2704 mit
719 2639 775 2704 der
805 2638 1041 2724 Bestimmung,
1077 2638 1145 2703 sich
1176 2660 1238 2703 ron
1276 2638 1316 2704 da
1351 2660 1409 2704 aus

220 2743 378 2810 rinmlioh
410 2748 519 2811 weiter
548 2767 587 2810 ru
611 2744 819 2821 entwiclreln3
850 2766 883 2809 es
906 2753 1030 2809 musste
1053 2765 1116 2809 von
1141 2745 1269 2832 Anfang
1291 2765 1332 2810 an
1355 2745 1410 2810 das

220 2872 317 2937 ganne
340 2851 485 2930 Platean,
509 2855 569 2917 wie
592 2874 625 2918 es
648 2853 700 2918 die
719 2851 823 2917 Natur
842 2851 965 2928 darbot,
985 2873 1058 2916 zum
1077 2849 1257 2917 Stadtlolral
1277 2851 1407 2917 erkoren

221 2957 378 3023 werden¹'.

263 3064 453 3131 Exstructus
484 3073 552 3131 erat
581 3087 695 3132 murus
729 3064 904 3131 secundum
939 3063 1114 3151 Polybium
1126 3064 1171 3135 'tt
1207 3066 1255 3130 iri
1291 3065 1405 3146 πέτρος

219 3172 387 3250 deperdere
418 3172 469 3236 sci
499 3176 686 3256 περιρρῶγος,
712 3169 730 3252 ᾖ
753 3173 809 3247 μὲν
836 3173 1009 3250 αὐτοφυοῦς
1035 3167 1053 3250 ἦ
1075 3173 1106 3235 δὲ
1130 3172 1350 3252 χειροποιήτου,
1373 3176 1407 3237 in

219 3286 360 3344 extremo
383 3282 486 3365 igitur
509 3278 599 3361 colle,
624 3278 793 3364 parallelos
816 3280 966 3364 voragini
986 3298 1066 3362 quae
1085 3276 1201 3342 collem
1221 3278 1406 3344 circumdat.

219 3385 268 3449 An
306 3385 446 3472 undique
484 3407 577 3452 muro
612 3384 701 3451 collis
732 3386 829 3450 fuerit
863 3386 1010 3450 munitus
1042 3387 1200 3449 incertum
1235 3393 1293 3449 est.
1329 3385 1408 3450 Pars

218 3490 308 3557 collis
350 3513 431 3577 quae
465 3498 513 3558 eet
546 3495 630 3557 inter
663 3491 827 3557 ecclesiam
866 3491 919 3569 ,s
952 3488 1131 3556 Gerlando’'
1167 3499 1261 3576 (quae
1296 3498 1345 3556 est
1373 3494 1407 3556 in

218 3598 331 3683 oppido
366 3595 574 3684 ‚,Girgenti”)
597 3605 630 3664 et
652 3598 828 3674 ecclesiam,
854 3596 906 3674 „S.
932 3596 1078 3683 Biagio'',
1102 3618 1196 3661 muro
1220 3618 1281 3662 non
1304 3600 1408 3662 muni-

217 3712 284 3769 tam
322 3704 420 3769 fuisse
456 3705 600 3781 videtur;
637 3703 727 3769 nulla
761 3706 846 3768 euim
882 3703 940 3768 has
974 3705 1057 3767 inter
1090 3702 1236 3768 ecclesias
1270 3706 1408 3791 vestigia

218 3813 305 3875 muri
334 3813 592 3892 inveniuntur³).
625 3811 674 3876 Ab
705 3808 836 3875 ecclesia
860 3807 914 3886 ..b
936 3808 1084 3895 Biagio”,
1107 3809 1274 3875 meridiem
1298 3829 1408 3875 versus

218 3919 357 4003 vestigia
384 3920 471 3982 muri
499 3920 753 4004 conspiciuntur;
784 3919 984 3982 introversus
1016 3938 1129 3981 murus
1158 3916 1344 3982 flectebatur
1374 3931 1407 3983 et

217 4023 345 4102 uallem,
377 4045 441 4110 qua
472 4045 547 4090 sara
577 4031 746 4111 praerupta
774 4025 1065 4109 interrumpuntur,
1097 4046 1189 4090 arcus
1212 4024 1316 4090 forma
1338 4045 1406 4110 per·

252 4273 275 4334 1)
292 4271 435 4335 Sobobring.
459 4287 481 4320 o.
506 4270 525 4319 l.
542 4286 566 4335 p.
594 4270 633 4320 14.
658 4268 738 4332 Negat
762 4267 909 4317 Praemanua
927 4268 1010 4318 orbem
1029 4266 1077 4318 iam
1095 4268 1151 4317 inde
1169 4268 1199 4317 ab
1217 4268 1288 4317 initio
1305 4268 1407 4317 eundem

216 4353 329 4403 habuirae
346 4354 474 4404 circuitum
491 4369 563 4418 quem
580 4359 665 4417 postea
681 4349 795 4400 habuisse
813 4365 866 4399 eam
884 4356 987 4400 canent.
1006 4349 1122 4399 Freomen
1139 4367 1161 4400 o.
1179 4350 1196 4399 l.
1214 4350 1234 4409 I,
1252 4367 1276 4415 p.
1293 4350 1350 4399 att.

252 4437 276 4498 2)
293 4436 380 4501 Polyb.
396 4436 439 4494 IX,
457 4434 497 4487 27.

250 4523 275 4582 3)
292 4519 398 4579 Partem,
421 4535 483 4584 quae
506 4525 543 4568 eat
564 4518 629 4567 inter
648 4516 739 4576 „Porta
756 4518 781 4567 di
799 4517 893 4568 Ponte’'
913 4516 1067 4580 (orientalem
1085 4515 1147 4565 ercis
1163 4518 1269 4580 portam)
1287 4521 1312 4564 et
1328 4532 1407 4565 carce·

217 4619 276 4663 rem,
300 4618 392 4663 marna,
415 4602 457 4667 qui
478 4617 598 4651 caroerem
612 4587 704 4665 cingit,
727 4601 856 4666 quominus
873 4600 1047 4665 Sobobringios
1066 4605 1257 4664 perscrutaretur
1273 4598 1406 4663 prohibuit.

216 4689 250 4752 (ρ,
269 4686 326 4748 rs).

1257 4779 1272 4827 a
