3734 5767
1020 752 1061 815 12

445 954 525 1019 quos
548 932 705 1020 Polybius
718 934 933 1020 Agrigentum
956 935 1056 998 situm
1080 933 1177 998 fuisse
1199 934 1317 1010 scribit,
1331 934 1455 999 eosdem
1480 956 1547 1001 esse
1565 939 1632 1022 qui·

439 1042 500 1106 bus
535 1040 629 1106 hodie
659 1038 749 1105 collis
780 1041 1013 1127 Agrigentinus
1043 1040 1187 1105 alluitur.
1220 1043 1360 1127 Acragas
1389 1044 1493 1127 igitur
1520 1045 1550 1107 is
1581 1049 1631 1107 est

440 1146 620 1212 amniculus
649 1168 743 1232 quem
774 1146 867 1212 bodie
897 1156 1024 1222 vocant,
1047 1146 1181 1223 „Fiume
1213 1147 1245 1212 di
1275 1146 1307 1212 S.
1326 1147 1471 1235 Bingio’',
1500 1148 1629 1236 Hypsas

438 1254 533 1319 hodie
562 1252 697 1330 „Fiume
728 1253 857 1340 Drago”
890 1255 1018 1320 dicitur.
1050 1254 1098 1318 Ab
1129 1255 1206 1318 urbe
1234 1254 1401 1320 meridiem
1425 1276 1535 1320 versus
1557 1277 1629 1321 con·

439 1360 544 1426 fluunt
580 1366 613 1426 et
642 1363 771 1424 nomine
804 1358 938 1436 „Fiume
968 1359 1000 1423 di
1031 1356 1203 1445 (lingenti’
1234 1362 1267 1423 ia
1298 1381 1384 1425 mare
1415 1360 1628 1427 effunduntur.

440 1467 615 1532 Necmiuus
649 1466 807 1532 reicienda
840 1475 889 1531 est
924 1469 1032 1551 opinio
1063 1464 1194 1533 Cluveri
1207 1463 1243 1544 ¹),
1275 1470 1330 1552 qui
1365 1467 1565 1544 „Naronem”
1598 1474 1631 1533 ct

444 1573 578 1652 „Fiume
612 1572 646 1636 di
676 1570 708 1637 S.
741 1572 875 1659 Biagio’'
910 1593 1115 1637 communem
1150 1573 1297 1638 habuisse
1326 1573 1455 1639 alveum
1487 1580 1543 1639 aut
1574 1594 1630 1659 per

442 1699 613 1744 commune
647 1681 765 1744 ostium
800 1682 834 1742 ia
868 1699 958 1743 mare
992 1678 1151 1744 effluxisse
1186 1687 1315 1765 putasse
1346 1680 1483 1744 ridetur.
1514 1678 1630 1745 Scribit

441 1789 545 1851 enim:
571 1785 738 1870 „Akragas
761 1787 865 1849 amnis
887 1788 915 1849 is
939 1788 1000 1850 erit
1023 1787 1080 1870 qui
1102 1784 1142 1850 ad
1168 1788 1228 1850 tria
1248 1785 1348 1851 ferme
1366 1785 1457 1851 milis
1477 1806 1629 1871 passuum

441 1893 479 1957 ab
511 1905 583 1957 ortu
614 1892 726 1957 urbem
756 1891 980 1977 praeterfluens
1007 1891 1106 1979 vulgo
1134 1913 1219 1956 nunc
1241 1891 1355 1957 accolis
1379 1903 1512 1958 vocatur
1532 1892 1630 1957 fiume

442 1998 475 2063 di
503 1996 653 2083 Girgsnti
680 2005 711 2062 et
734 1997 832 2063 fiume
855 1997 887 2063 di
910 1997 1007 2064 Saule
1031 1998 1154 2084 Bingio,
1178 1999 1247 2061 item
1262 2000 1358 2081 fleme
1379 1999 1413 2062 dl
1435 2000 1531 2076 Naro,
1555 2001 1630 2082 quia

442 2106 481 2171 ab
511 2105 609 2170 huius
638 2108 777 2169 nominis
808 2105 923 2190 oppido
955 2104 1117 2191 profluit’'.
1148 2101 1307 2170 Cluverus
1335 2126 1408 2169 cum
1438 2108 1632 2170 assentiatur

443 2214 552 2276 Aretio
566 2210 591 2290 ²)
622 2211 789 2276 scribenti:
823 2210 907 2288 „duo
939 2209 1032 2274 fluvii
1059 2213 1127 2295 ipso
1149 2213 1183 2274 iu
1207 2214 1296 2275 exitu
1320 2213 1489 2287 coniuncti,
1514 2211 1630 2296 quibus

442 2320 573 2403 antiqua
602 2317 679 2381 urbs
711 2325 800 2404 septa
829 2326 887 2393 est,
920 2315 1021 2382 Draco
1054 2338 1148 2393 unus,
1179 2317 1260 2382 alter
1290 2316 1322 2382 S.
1354 2316 1464 2393 blasii,
1495 2319 1551 2402 qui
1574 2318 1631 2382 ubi

442 2423 606 2490 confluunt
648 2444 730 2488 unus
772 2431 821 2488 est
855 2424 1029 2510 Acragas”,
1065 2422 1233 2488 Siefertius
1268 2422 1400 2490 Cluveri
1433 2425 1630 2509 temporibus

443 2551 553 2595 revera
584 2529 720 2607 „Fiume
750 2528 783 2593 di
806 2528 837 2595 S.
862 2529 998 2616 Biagio’'
1023 2537 1056 2595 et
1081 2530 1282 2607 „Naronem”
1306 2551 1408 2594 unum
1432 2530 1631 2616 eundemque

443 2637 541 2703 fuisse
573 2636 721 2712 flurium,
749 2635 924 2701 verisimile
948 2636 1047 2718 ducit,
1071 2636 1124 2701 sed
1147 2636 1251 2700 addit:
1281 2635 1438 2713 „Freilich
1462 2637 1547 2702 kann
1570 2659 1632 2702 nur

443 2747 513 2809 eine
531 2763 655 2829 genuus
674 2741 923 2829 Untersuchung
942 2743 997 2808 des
1016 2741 1174 2820 Termine,
1187 2743 1296 2809 descen
1308 2746 1402 2830 signe
1413 2743 1632 2831 Auschauung

444 2850 516 2915 dem
540 2848 700 2915 Verfasser
723 2848 812 2926 fehlt,
837 2849 888 2914 die
910 2848 1010 2914 Ssehe
1034 2852 1084 2914 ins
1108 2850 1206 2915 liciae
1230 2850 1398 2936 briagcn’'.
1417 2849 1543 2916 Falsum
1564 2870 1632 2916 esse

443 2954 573 3022 Oluveri
602 2958 783 3041 opinionem
815 2955 906 3021 docet
937 2959 1007 3039 ipsa
1037 2955 1099 3021 loci
1130 2964 1254 3036 natura,
1287 2977 1361 3022 nam
1394 2958 1506 3034 „lisine
1536 2956 1631 3043 Spar,

444 3063 537 3128 hcine
568 3061 733 3149 ilealruug,
763 3061 856 3127 lreiue
884 3060 1104 3149 Thalbilduug
1126 3064 1216 3149 giebt
1240 3084 1299 3128 uns
1323 3065 1415 3129 einen
1437 3063 1559 3129 Anhalt
1580 3064 1633 3129 fir

444 3175 514 3236 eine
545 3170 704 3256 derartige
739 3168 974 3256 Vermuthuug,
1011 3172 1051 3233 im
1077 3170 1251 3251 Geqentteil
1281 3171 1417 3235 scilicaet
1449 3169 1500 3234 die
1522 3170 1633 3251 Ηὶὶριί»

444 3278 522 3340 kettc
548 3276 692 3340 ssciaeben
714 3277 770 3339 den
795 3276 991 3358 Meriones
1006 3276 1101 3360 jedes
1127 3276 1289 3340 Gedanken
1312 3278 1410 3339 daron
1432 3276 1506 3341 αιιι”
1526 3275 1563 3360 ³).

490 3384 539 3448 Ab
570 3382 668 3447 altero
698 3384 814 3448 horum
846 3381 1019 3447 fluviorum
1051 3382 1164 3447 urbem
1194 3403 1307 3447 nomen
1336 3385 1470 3447 traxisse
1492 3382 1632 3469 legimus

445 3489 529 3575 apud
556 3488 788 3576 Thucydidem,
813 3488 998 3575 Polybium,
1022 3488 1204 3566 Aelianum,
1228 3488 1433 3554 scholiastam
1457 3488 1497 3553 ad
1519 3488 1634 3553 Pindo

445 3619 529 3673 rum,
547 3596 745 3681 Stephanum
758 3596 971 3683 Byzantinum
987 3598 1022 3674 ‘t
1045 3594 1135 3675 Quod
1155 3598 1183 3659 si
1203 3615 1315 3660 verum
1328 3601 1424 3660 est-
1443 3616 1544 3681 neque
1567 3594 1634 3660 ulla

447 3767 509 3816 nach
524 3765 620 3815 westan
637 3765 661 3814 in
680 3764 725 3814 den
744 3763 823 3827 Drapo
840 3762 924 3812 hittun
943 3763 1059 3827 phasson
1076 3762 1126 3812 scin
1145 3762 1248 3812 konnen.
1266 3763 1332 3812 Aber
1347 3763 1410 3812 auch
1427 3763 1479 3812 hicr
1495 3763 1576 3828 zeigcn
1594 3761 1634 3812 (lic

446 3850 540 3899 Carisa
558 3848 614 3897 class
631 3848 708 3897 disses
732 3845 795 3896 Thal
819 3846 845 3895 ia
870 3845 948 3894 sainct
973 3844 1093 3894 batliehsn
1119 3844 1203 3893 Hilfte
1230 3845 1254 3894 iu
1280 3844 1323 3894 (lor
1344 3845 1467 3909 Richtnug
1490 3861 1536 3894 von
1558 3845 1634 3894 Ostra

445 3933 506 3982 nach
529 3931 626 3981 Westsn
647 3930 789 3994 cassteipt.
810 3968 815 3978 .
835 3966 840 3978 .
858 3927 935 3977 Wcua
953 3928 996 3976 uir
1011 3927 1064 3976 also
1082 3927 1150 3976 nicht
1167 3943 1227 3992 ganz
1244 3928 1372 3992 geualtigc
1389 3927 1634 3978 Naturrerolutionea

445 4015 580 4065 anuehmsn
604 4012 700 4070 vollen,
723 4012 762 4061 bei
778 4010 855 4060 (leucu
873 4010 1011 4074 ibethanpt
1027 4009 1077 4058 alle
1095 4009 1234 4074 Forschung
1251 4010 1362 4068 aulhrirt,
1380 4026 1407 4060 so
1425 4014 1520 4060 missen
1536 4010 1580 4059 wir
1596 4009 1636 4060 dic

443 4096 624 4163 physihalischc
642 4093 839 4158 Uumbglichlrsit
857 4093 923 4142 einer
938 4091 1102 4155 vereinigung
1120 4091 1162 4141 (les
1179 4092 1266 4142 obersn
1285 4092 1404 4157 &Bicgio
1422 4093 1467 4142 mit
1484 4092 1538 4142 (lem
1555 4092 1635 4158 Draga

450 4197 482 4229 ιιι
499 4180 553 4229 dem
571 4179 739 4243 angsgebensn
757 4176 853 4225 Punite
867 4175 1024 4224 constatinus.

484 4264 508 4326 l)
525 4261 622 4311 Closer.
639 4261 685 4310 Sic.
703 4262 761 4310 Aut.
779 4276 804 4325 p.
821 4259 878 4308 tto.
897 4258 986 4307 Siciert
1002 4273 1025 4307 o.
1042 4255 1059 4306 l.
1077 4273 1102 4321 p,
1119 4256 1160 4306 tl.

479 4347 509 4411 2)
528 4346 565 4395 cl.
586 4345 662 4394 Marii
680 4344 757 4394 Aretii
772 4343 871 4392 Siciliae
887 4340 1065 4406 chorographia
1083 4340 1267 4390 accuratissima
1284 4341 1393 4403 (Graevii
1407 4341 1477 4391 Thes.
1496 4342 1526 4402 1).
1543 4342 1637 4391 Aison„

446 4447 467 4480 o.
486 4431 504 4480 l.
520 4446 543 4496 p.
562 4429 601 4478 22.

484 4513 507 4575 Β)
523 4512 665 4575 Schnbrinss.
685 4527 707 4559 o.
725 4510 743 4562 l.
760 4526 783 4575 p.
803 4511 825 4558 b.

484 4598 509 4658 4)
525 4595 634 4660 Thucyd.
658 4594 700 4649 vl,
722 4595 751 4652 ις
770 4591 856 4657 Polyb.
873 4591 916 4650 IX,
934 4590 981 4650 a‘1;
999 4590 1096 4642 Auliou.
1113 4590 1143 4639 V.
1161 4589 1192 4639 ts
1209 4589 1245 4649 ll,
1262 4590 1307 4650 88;
1324 4590 1404 4640 Schol.
1422 4591 1453 4642 ad
1469 4589 1532 4639 Piai
1556 4588 1637 4640 Ouum.

448 4679 486 4728 Ol.
506 4678 540 4738 Il,
558 4679 597 4736 12,
617 4679 660 4736 14;
678 4677 761 4743 Steph.
779 4675 836 4741 Byr.
852 4691 870 4724 s.
881 4690 904 4725 v.
