3734 5767
791 742 832 808 21

219 927 271 992 καί
301 926 464 1006 περίβολον
491 927 624 1006 ἐγεῖραι.
650 926 749 998 λύσας
773 929 843 995 τοὺς
868 926 1042 1005 δεσμώτας,
1067 934 1128 997 τοῖς
1154 926 1246 998 λίίοις
1269 927 1321 991 καί
1346 934 1409 1001 τοῖς

217 1033 361 1098 πελέκεσι
385 1035 437 1098 καί
461 1042 531 1105 ταῖς
555 1032 675 1109 ἀξίναις
700 1034 843 1111 ὁπλίσαι,
870 1035 1086 1114 Θεσμοφορίων
1109 1032 1210 1111 ὄντων,
1235 1034 1409 1110 ἐπιθέμενος

217 1142 285 1213 τοὺς
312 1140 475 1211 πλείστους
499 1147 557 1205 τῶν
581 1141 691 1222 ἀνδρῶν
714 1141 900 1213 ἀποκτείνας
926 1147 1078 1218 γυναικῶν
1103 1141 1155 1204 καί
1176 1140 1292 1205 carbon
1313 1141 1409 1221 κύριος

216 1248 381 1318 καταστὰς
407 1245 588 1326 ἐτυράννησε
610 1254 665 1320 τῆς
690 1247 941 1327 Ἀκραγαντίνων
966 1247 1096 1319 πόλεως.

262 1354 331 1434 Quo
362 1375 442 1419 anno
473 1353 618 1419 Phalaris
650 1354 820 1439 tyrannide
850 1356 974 1441 potitus
1004 1356 1105 1418 sitin
1128 1374 1247 1440 magna
1269 1354 1409 1419 fontium

216 1462 425 1547 discrepantia
449 1459 576 1542 difficile
599 1467 648 1526 est
671 1461 856 1526 diiudicatu.
882 1459 975 1525 Falsa
996 1481 1063 1526 esse
1083 1481 1164 1545 quae
1183 1460 1301 1525 tradita
1319 1464 1411 1525 inve·

216 1571 325 1633 nimus
355 1567 439 1653 apud
462 1565 668 1653 Syncellum:
693 1565 741 1632 Ol.
768 1565 820 1634 31.
846 1569 984 1644 Φοίλαρις
1009 1570 1259 1644 Ἀκραγαντίνων
1282 1567 1410 1644 ε’τορσίν-

218 1699 306 1748 νκσε.
339 1674 388 1739 Ol.
416 1673 469 1757 39,
500 1673 531 1738 4.
565 1676 701 1749 Φοίλαρις
735 1681 883 1754 τυραννῶν
915 1675 1085 1751 κατελύίε;
1118 1674 1202 1759 apud
1232 1674 1407 1740 Eusebium

218 1784 307 1847 Arm.
328 1779 377 1846 01.
400 1779 452 1853 32,
474 1779 509 1844 2:
532 1779 677 1845 Phalaris
697 1780 782 1866 apud
798 1780 1030 1867 Agrigentinos
1049 1781 1254 1865 tyrannidem
1275 1787 1410 1858 exercet,

218 1887 267 1953 01.
298 1886 352 1965 39,
376 1886 407 1951 2.
434 1886 615 1952 Phalaridis
640 1888 929 1974 Agrigentinorum
953 1890 1100 1974 tyrannis
1124 1887 1301 1964 destructa,
1327 1887 1411 1973 apud

218 1993 466 2080 Hieronymum,
492 1997 548 2079 qui
571 1992 722 2058 Phalarin
745 1994 818 2060 inde
841 1995 880 2059 ab
905 1992 954 2059 Ol.
979 1995 1033 2070 31,
1066 1994 1087 2058 2
1106 2014 1207 2080 usque
1225 1993 1264 2059 ad
1285 1993 1333 2059 Ol.
1355 1992 1409 2071 38,

218 2101 239 2165 2
263 2100 467 2186 tyrannidem
489 2102 630 2165 tenuisse
650 2101 772 2178 scribit,
790 2103 858 2186 ipse
879 2100 971 2165 docet
990 2120 1091 2164 annus
1111 2121 1173 2186 quo
1193 2102 1411 2185 Agrigentum

217 2208 382 2273 conditum
413 2227 480 2272 esse
511 2206 688 2272 verisimile
719 2214 776 2272 est.
809 2205 1031 2272 Probabiliora
1060 2211 1137 2271 sunt
1168 2226 1248 2290 quae
1271 2205 1411 2292 legimus

218 2314 302 2400 apud
325 2313 440 2378 Huscb.
467 2314 574 2377 Arm:
601 2311 671 2390 ,01.
697 2312 750 2390 53,
775 2313 805 2378 3.
831 2312 978 2378 Phalaris
1002 2314 1235 2398 Agrigentinus
1256 2314 1347 2377 annis
1370 2311 1411 2376 16

216 2420 422 2507 tyrannidem
457 2419 594 2498 tenuit'',
630 2441 768 2505 quocum
802 2422 837 2485 in
872 2417 1034 2485 nonnullis
1064 2418 1156 2484 libris
1190 2418 1412 2504 Hieronymus

217 2529 384 2594 consentit.
414 2526 563 2611 Plerique
594 2534 703 2591 autem
730 2526 805 2592 libri
829 2527 981 2612 praebent
1006 2524 1056 2589 Ol.
1082 2524 1135 2607 53,
1159 2523 1276 2589 4-01.
1302 2522 1354 2608 57,
1380 2523 1412 2602 4,

219 2655 298 2720 quos
321 2654 419 2698 annos
439 2632 603 2698 Bentleius
626 2655 683 2719 pro
703 2637 787 2699 veris
807 2654 874 2699 esse
895 2631 1057 2698 habendos
1075 2634 1209 2697 censuit.
1230 2629 1413 2697 Bentleium

218 2742 319 2806 secuti
338 2745 414 2804 sunt
432 2738 547 2814 multi;
568 2737 770 2824 plausibilior
789 2745 897 2804 tamen
916 2758 984 2803 esse
999 2737 1128 2802 videtur
1140 2740 1246 2823 opinio
1261 2737 1412 2814 Fischeri,

218 2849 273 2932 qui
304 2848 450 2930 sequitur
480 2845 658 2910 Eusebium
690 2843 753 2924 (Ol.
779 2844 822 2909 52
830 2866 838 2923 ;
865 2844 909 2924 3).
942 2844 1061 2909 Scribit
1077 2842 1119 2924 1);
1148 2842 1202 2908 Ich
1228 2890 1237 2908 .
1261 2892 1269 2908 .
1295 2891 1302 2907 .
1327 2841 1413 2930 folge

221 2953 277 3019 der
299 2952 432 3039 Angabe
452 2951 506 3017 des
525 2952 641 3017 Euscb.
661 2953 751 3017 Arm.
772 2952 878 3017 aumal
896 2954 942 3017 sie
961 2950 1057 3018 theils
1076 2953 1138 3014 mit
1157 2949 1271 3016 Suidas
1291 2950 1415 3015 harmo-

221 3064 295 3138 nirt,
326 3059 472 3140 (Suidasz
505 3060 642 3136 Φάλαρις
676 3060 918 3138 Ἀκραγαντῖνος
954 3058 1143 3136 τυραννήσας
1170 3058 1316 3128 Σικελίας
1341 3053 1413 3131 ὅλης

221 3167 305 3231 narb
324 3169 379 3241 rio
399 3167 449 3243 νβ’
469 3165 665 3247 incurratis)
685 3165 783 3231 theils
798 3166 879 3231 auch
897 3165 998 3230 durch
1016 3163 1079 3229 alle
1094 3168 1148 3230 hir
1164 3164 1219 3228 das
1235 3163 1414 3249 niedrigern

219 3274 339 3341 Datum
373 3274 428 3339 des
462 3272 684 3359 Hieronymus
718 3272 850 3359 geltend
883 3273 1076 3359 gemachten
1100 3268 1231 3336 Griinde
1256 3271 1416 3349 (woriiber

218 3380 354 3466 Bentley
378 3380 443 3445 und
460 3379 603 3458 Bocchh)
622 3385 766 3466 gestitat
785 3378 908 3444 werden
933 3379 1030 3443 kann.
1054 3376 1156 3442 Unter
1176 3377 1281 3441 diesen
1299 3376 1414 3462 jedoch

220 3489 403 3553 erscheincn
433 3489 497 3551 mir
523 3508 585 3550 nur
607 3485 654 3550 als
678 3484 873 3550 hcdcutcnd:
901 3484 933 3563 1)
958 3483 1009 3548 die
1033 3482 1209 3548 Nachricht
1231 3482 1285 3548 des
1308 3480 1414 3546 Schol.

220 3594 259 3659 ad
293 3593 386 3658 Pind.
423 3592 472 3658 Ol.
504 3592 559 3671 llI,
594 3592 647 3669 68,
680 3592 861 3678 derruiolgc
892 3590 948 3656 der
979 3589 1167 3654 Hmmenide
1198 3588 1416 3667 Telemachus,

222 3699 352 3765 'Phero's
380 3699 592 3776 Aeltervater,
624 3699 683 3764 den
714 3697 859 3763 Phalaris
890 3701 1010 3762 stiirzte
1041 3694 1104 3773 (Ol.
1137 3694 1190 3771 56,
1221 3693 1251 3771 3,
1285 3716 1316 3757 ν.
1341 3691 1415 3760 Chr.

225 3806 312 3887 554),
327 3806 355 3870 d.
365 3807 396 3871 h.
410 3809 487 3871 zwei
510 3805 595 3871 volle
607 3804 862 3871 Menschcnalter
874 3803 1094 3878 (Hmmenides
1105 3802 1170 3866 und
1182 3801 1417 3880 Ainesidemos)

223 3913 297 3979 oder
327 3913 370 3977 66
400 3912 497 3978 Jahre
527 3934 584 3978 vor
613 3911 726 3986 Thero,
759 3912 814 3977 der
847 3910 897 3975 Ol.
923 3908 977 3985 73,
1003 3908 1034 3985 l,
1058 3930 1090 3973 ν.
1116 3905 1151 3973 O.
1176 3906 1253 3988 488,
1287 3905 1417 3992 Pyrann

224 4042 285 4086 von
308 4022 470 4106 Agrigent
494 4040 559 4084 wer
588 4025 633 4098 (v.
654 4017 689 4087 O.
712 4014 992 4083 sot-488==oo
1012 4014 1139 4093 Jahrc);
1162 4013 1196 4094 2)
1216 4012 1267 4077 die
1287 4012 1419 4097 Angabe

222 4126 276 4192 des
300 4124 488 4191 Aristoteles
511 4125 606 4191 Rhet.
630 4125 661 4190 Π
683 4124 738 4202 20,
764 4124 795 4204 5,
816 4124 867 4189 die
887 4123 948 4188 den
969 4120 1171 4186 Stesichorus
1191 4117 1253 4200 (Ol.
1277 4118 1329 4197 73,
1353 4119 1417 4183 1-

222 4231 271 4297 Ol.
305 4233 358 4310 56,
391 4232 422 4310 4,
456 4255 486 4298 v.
519 4230 555 4298 G.
589 4230 782 4310 632-553)
817 4253 891 4295 zum
926 4227 1153 4315 Zeitgenosscn
1188 4227 1242 4292 des
1273 4225 1419 4291 Phalaris

223 4340 341 4405 macht.
367 4388 374 4403 .
401 4387 408 4403 .
434 4338 467 4419 3)
488 4338 579 4403 Diod.
600 4338 730 4425 Hrerpt.
753 4337 824 4403 Vat.
845 4358 870 4402 c.
893 4335 947 4412 28,
968 4358 999 4420 p.
1021 4333 1075 4399 25.
1096 4332 1174 4399 Mai.
1195 4355 1226 4419 p.
1249 4331 1302 4409 27,
1324 4332 1418 4397 Diod.

224 4467 272 4509 wo
301 4445 448 4511 Phalaris
479 4445 559 4510 nach
589 4444 649 4510 den
681 4445 789 4509 sichen
817 4442 945 4508 Weisen
976 4441 1043 4504 und
1075 4443 1188 4527 Aesop,
1214 4439 1279 4503 und
1302 4438 1421 4528 gleich-

231 4639 234 4646 ’
263 4676 287 4739 1)
304 4674 413 4727 τωρωι.
432 4674 527 4725 θεων.
545 4673 683 4725 narasse.
700 4688 724 4738 p.
744 4671 800 4724 reo.
