3734 5767
819 737 861 808 89

241 944 297 1009 per
320 923 435 987 urbem
457 921 600 987 terebant
622 926 748 990 statuae
770 926 872 998 erant,
896 924 999 1009 signa,
1024 944 1096 988 arae
1112 921 1146 998 ¹).
1171 922 1208 988 In
1233 923 1339 989 media
1357 924 1437 989 urbe

241 1029 347 1095 iorum
366 1028 464 1094 fuisse
484 1028 628 1106 videtur3
653 1030 702 1094 bis
727 1034 854 1094 tantum
878 1032 1035 1095 occurrit:
1061 1029 1132 1095 biv.
1156 1029 1275 1107 XXVI,
1301 1029 1361 1094 40:
1384 1037 1438 1109 „et

241 1156 315 1202 eum
351 1137 480 1222 agmine
514 1137 581 1199 iam
615 1138 649 1200 in
680 1135 786 1201 media
817 1136 906 1200 urbis
938 1157 974 1201 ac
1003 1137 1110 1201 forum
1141 1157 1259 1223 magno
1289 1135 1437 1202 tumultu

240 1241 375 1321 iretur”,
407 1239 474 1309 Cic.
501 1240 590 1306 Verr.
616 1241 669 1326 IV,
697 1241 1138 1328 94:„Herculietemp1um
1164 1250 1213 1309 eet
1236 1243 1322 1328 apud
1346 1246 1437 1330 Agri·

238 1351 387 1436 gentines
398 1370 461 1414 non
473 1347 570 1435 longe
582 1370 600 1414 a
613 1349 714 1414 foro'’.
726 1348 972 1437 Schubringius,
982 1370 1078 1434 quem
1091 1349 1234 1448 plerique
1247 1355 1435 1435 sequuntur,

240 1457 346 1522 forum
375 1458 409 1521 in
436 1454 521 1521 valle
543 1457 596 1521 cui
618 1477 702 1521 nunc
726 1460 774 1521 est
796 1478 912 1522 nomen
938 1455 1091 1534 „Vallone
1113 1455 1220 1532 Saia”,
1244 1457 1342 1521 fuisse
1365 1477 1435 1521 con-

239 1562 352 1640 tendit,
382 1563 421 1627 ab
452 1560 585 1627 ecclesia
617 1560 671 1639 „A
702 1561 854 1629 Niccola'’
886 1583 1033 1628 occasum
1065 1562 1140 1628 solie
1170 1583 1283 1628 uersus
1297 1563 1332 1643 ²).
1360 1561 1434 1627 Huc

241 1672 326 1736 enim
357 1668 481 1734 multae
511 1671 706 1734 conveniunt
737 1672 817 1746 viae,
845 1668 999 1754 locusque
1022 1675 1258 1755 peropportune
1281 1671 1364 1734 eitus
1387 1674 1436 1734 est

241 1782 351 1843 contra
380 1782 507 1862 portem
537 1796 677 1854 auream,
709 1783 834 1862 portam
865 1776 1050 1854 Heracleae,
1075 1783 1201 1862 portam
1225 1774 1334 1843 Gelae.
1360 1773 1437 1843 Hol-

242 1886 327 1948 mine
341 1881 366 1961 ³)
398 1888 507 1948 eontra
541 1881 649 1947 forum
680 1884 933 1970 Agrigentinum
964 1904 1062 1970 prope
1093 1882 1244 1948 Herculis
1275 1882 1434 1968 templum

241 1989 459 2076 quaerendum
484 2009 552 2054 esse
578 1995 682 2074 putet.
708 1988 844 2054 Scribit:
868 1990 923 2055 der
953 1988 1075 2067 Marht,
1100 1989 1159 2054 den
1184 2011 1258 2055 man
1293 1992 1328 2054 in
1363 1988 1435 2055 See·

239 2095 343 2161 stidte
374 2094 447 2159 dem
477 2093 586 2160 Meere
618 2094 792 2181 miigliehst
818 2095 900 2161 nahe
923 2093 1098 2182 annulegen
1122 2095 1241 2182 pflegte
1264 2096 1350 2161 hano
1373 2117 1435 2161 nur

240 2223 275 2267 eo
298 2200 391 2266 mehr
411 2203 446 2265 in
470 2199 525 2266 der
546 2201 637 2267 Naue
657 2201 759 2267 dieses
778 2199 927 2286 'Pompeis
946 2202 1084 2288 gesncht
1102 2202 1239 2279 werden,
1257 2202 1297 2266 da
1318 2206 1436 2267 unmit·

240 2307 341 2374 telber
361 2305 504 2373 westlich
523 2328 584 2372 ron
604 2310 712 2372 seinen
730 2306 856 2373 Ruinen
875 2310 909 2372 in
929 2311 1016 2373 einer
1034 2306 1225 2395 Vertieiung
1240 2308 1295 2373 dee
1311 2307 1435 2374 Bedens

239 2415 294 2482 dae
317 2413 404 2480 'Phor
427 2435 502 2492 uer,
526 2414 626 2479 durch
650 2411 786 2479 welches
809 2414 865 2480 der
888 2413 971 2502 Weg
994 2436 1068 2480 zum
1090 2413 1199 2480 Meere
1217 2415 1335 2480 ffihrte.

285 2518 464 2608 Gymnasia
495 2523 573 2606 quin
603 2522 637 2585 in
664 2521 741 2587 urbe
765 2521 885 2587 fuerint
909 2521 1050 2587 dubitari
1074 2542 1139 2586 non
1161 2526 1282 2606 poteet3
1308 2523 1435 2607 saepius
1529 2513 1531 2519 ’

240 2630 327 2694 enim
349 2629 558 2714 Agrigentini
580 2630 615 2692 in
637 2630 801 2714 gymnicis
823 2629 1052 2693 certaminibus
1075 2630 1190 2693 victeee
1213 2628 1386 2694 traduntur
1398 2634 1434 2710 ⁸).

239 2734 348 2800 Etiam
379 2733 543 2800 theatrum
572 2736 607 2798 in
639 2734 717 2799 urbe
740 2733 837 2800 fuisse
860 2756 916 2819 pro
941 2740 1027 2799 certo
1050 2734 1206 2800 affirmare
1229 2733 1315 2800 licet.
1340 2735 1436 2802 Fron·

242 2843 329 2907 tinus
343 2838 370 2922 5)
400 2842 689 2927 Agrigentinorum
709 2841 827 2906 theatri
851 2844 1048 2908 mentionem
1070 2843 1156 2920 facit,
1180 2842 1234 2907 sed
1258 2840 1435 2907 verisimile

241 2953 289 3014 eet
312 2968 388 3013 enm
408 2950 629 3035 Agrigentum
648 2969 723 3014 cum
742 2945 865 3015 Catane
883 2948 1073 3016 confudisse.
1094 2947 1204 3013 Nihilo
1224 2951 1328 3014 secius
1347 2949 1437 3014 dubi-

240 3057 302 3119 teri
324 3075 387 3118 non
410 3060 516 3140 potest
540 3057 617 3140 quin
641 3055 807 3121 theatrum
830 3056 864 3120 in
888 3055 966 3121 urbe
990 3056 1098 3136 fuerit,
1123 3074 1198 3120 nam
1220 3054 1297 3121 licet
1315 3057 1435 3142 viginti

239 3166 392 3246 quattuor
431 3161 613 3248 tragoediae
655 3181 733 3246 ques
769 3160 979 3247 Empedocles
1014 3164 1177 3247 scripsisse
1214 3162 1333 3228 dicitur
1366 3164 1436 3228 eius

238 3270 347 3354 nepoti
376 3270 442 3333 sint
471 3268 692 3334 attribuendae
721 3270 778 3354 qni
801 3274 873 3354 post
895 3269 1114 3355 Agrigentum
1138 3275 1269 3356 captum
1292 3269 1435 3347 florebat,

240 3380 272 3440 et
314 3373 431 3440 Suidas
467 3373 543 3441 licet
577 3373 760 3452 Carcinum,
795 3378 853 3461 qui
886 3382 1017 3442 centum
1053 3379 1221 3462 sexaginta
1255 3377 1436 3464 tragoedias

240 3483 403 3567 scripsisse
436 3480 565 3559 dicitur,
602 3503 676 3547 cum
713 3480 845 3550 Carcine
881 3484 1069 3549 Atheniensi
1103 3483 1292 3559 confuderit,
1324 3483 1436 3568 procul

242 3586 338 3652 dubio
360 3586 567 3666 Diuolochne,
588 3587 773 3674 Epicharmi
793 3587 972 3675 discipulus
991 3590 1235 3675 Agrigentinus,
1255 3590 1437 3676 tragoedias

242 3713 316 3759 suas
338 3695 371 3759 in
394 3694 684 3780 Agrigentinorum
708 3697 832 3761 theatro
855 3716 965 3762 scenae
988 3698 1152 3762 commisit
1177 3705 1200 3776 ).

276 3923 300 3985 I)
317 3922 389 3987 Diog.
406 3921 488 3972 baert.
506 3920 576 3981 VIII,
594 3922 619 3972 8.
635 3921 708 3972 Diod.
727 3922 775 3972 Sic.
793 3921 863 3981 xm,
881 3923 921 3973 84.

273 4006 299 4066 9)
316 4004 452 4070 Schubring
478 4019 501 4054 o.
527 4004 544 4053 l.
571 4020 595 4068 p.
622 4005 662 4053 80.
684 4004 743 4054 Dies
762 4005 794 4054 iet
816 4005 859 4054 der
882 4005 962 4063 Plato,
978 4003 1069 4054 welche
1087 4004 1133 4055 deu
1152 4005 1352 4070 Anforderungen
1370 4005 1436 4055 cinae

240 4085 350 4136 Marktee
376 4085 510 4151 antepricht
536 4084 645 4148 (Curtius
670 4088 724 4136 att.
746 4086 816 4135 Stnd.
838 4086 872 4145 11,
897 4085 920 4146 7,
939 4087 976 4148 9);
999 4087 1052 4136 eine
1070 4086 1218 4152 Niedernng,
1235 4103 1271 4137 wo
1289 4087 1328 4137 die
1346 4086 1437 4153 Wegan

240 4170 473 4229 tormentabas,
496 4183 551 4218 vom
575 4167 657 4218 Meere
679 4169 727 4218 nnd
753 4185 807 4218 vom
824 4168 908 4218 bande
929 4169 980 4228 her,
1000 4169 1046 4219 den
1063 4170 1115 4219 drei
1132 4169 1292 4234 Haupthoren
1310 4170 1353 4219 der
1370 4170 1438 4220 stadt

240 4251 403 4316 rrohlgeneigt
413 4286 485 4303 .....
507 4251 561 4301 hier
582 4251 689 4301 minden
712 4251 776 4301 riele
798 4251 841 4301 der
865 4251 1088 4317 Wuserleitnugen
1105 4253 1196 4302 welche
1212 4252 1252 4302 die
1269 4253 1337 4302 stadt
1352 4251 1438 4303 durch·

244 4350 317 4399 rogen
337 4333 387 4384 und
403 4334 456 4383 hier
471 4333 526 4383 sind
543 4334 673 4383 boscedera
690 4334 739 4383 viel
754 4333 827 4384 Reate
844 4333 963 4384 erhalten.

277 4418 302 4480 8)
321 4416 405 4467 Helm.
422 4433 445 4468 o.
461 4416 479 4467 l.
497 4416 519 4477 I,
536 4432 559 4483 p.
579 4417 636 4469 298.

281 4501 306 4560 4)
323 4498 396 4550 Diod.
413 4499 460 4549 Sic.
477 4499 534 4560 XII,
553 4502 592 4552 82.
610 4499 679 4560 XIII,
697 4501 738 4549 84.

283 4583 307 4642 b)
324 4581 409 4632 Front.
426 4581 472 4643 ΠΙ,
492 4583 516 4643 2,
535 4585 558 4633 6.
576 4583 712 4647 Sobobring
729 4599 752 4632 ο.
769 4582 787 4631 l.
804 4598 828 4648 p.
846 4581 886 4630 el.

281 4663 306 4727 6)
323 4663 461 4731 Schobring
480 4679 503 4714 o.
518 4666 537 4715 1.
556 4682 579 4733 p.
598 4666 638 4716 el.
655 4664 767 4714 Karsten.
784 4663 885 4729 Emped.
903 4679 928 4729 p.
946 4664 986 4713 et.
