3734 5767
814 763 857 829 29

816 991 858 1057 ΙΙ.

286 1174 412 1241 Theron
435 1176 592 1263 quomodo
616 1178 704 1241 viam
727 1175 767 1241 ad
789 1176 995 1264 tyrannidem
1019 1177 1081 1241 sibi
1104 1179 1264 1262 aperuerit
1284 1175 1435 1241 docemur

241 1304 260 1349 a
293 1283 465 1371 Polyaeno
506 1283 624 1350 Scribit
665 1287 751 1349 enim
786 1285 838 1349 hio
869 1284 923 1362 VI,
957 1283 1017 1348 51:
1057 1287 1158 1363 Θήρων
1193 1285 1434 1363 ’Λκραγοιντῖνσς

242 1390 417 1470 δορυφόρους
451 1394 506 1467 μὲν
531 1393 611 1471 έχων
634 1393 663 1455 έν
688 1393 843 1473 circitare]
872 1394 1189 1474 παρεσκευασμένους,
1215 1392 1383 1469 χρημάτων
1407 1391 1433 1453 δ’

242 1501 295 1563 οὐκ
315 1502 444 1577 εὐπορῶν
464 1498 535 1577 πρός
558 1500 616 1569 τὰς
638 1499 841 1576 μισθοδοσίας,
865 1507 918 1573 τῆς
941 1500 1056 1570 πόλεως
1075 1500 1189 1582 ’Λόννρῖ
1205 1507 1433 1579 μεγαλοπρεπῆ

243 1609 313 1670 ναῖον
337 1604 509 1683 ἐγειρούσης
534 1604 639 1680 ἐπειδή
663 1607 705 1670 τοὶ
725 1607 880 1685 χρήματα
901 1606 929 1669 έν
950 1615 1020 1676 ταῖς
1043 1608 1202 1683 ἐργασίαις
1226 1606 1434 1683 διεκλέπτετο,

243 1709 363 1776 ἔπεισεν
393 1712 502 1790 όόρόαν
535 1709 650 1777 ἔκδοσιν
681 1715 866 1787 ποιήσασόαι
897 1717 950 1776 τοῦ
979 1714 1032 1776 νεὼ
1057 1713 1108 1775 καί
1134 1712 1247 1788 λαβεῖν
1271 1712 1431 1789 έγγυήτοὶς

243 1819 418 1900 ἀξιοχρέους
451 1820 503 1884 καί
536 1820 632 1898 όρίσαι
664 1820 867 1901 προςόεσμίαν
898 1820 927 1883 έν
960 1815 1032 1899 ήτδ
1051 1819 1125 1898 ἱερὸν
1146 1820 1433 1895 συντελεσόήσεται.

238 1923 364 2002 Ἔδοξεν
396 1926 481 2003 όρόῶς
513 1925 617 2003 λέγειν
650 1928 701 1990 καί
733 1929 749 2000 ή
783 1927 870 1996 πόλις
903 1928 1062 1990 πεισόεῑσα
1092 1926 1126 1991 τί
1159 1923 1244 2004 ἔργον
1277 1923 1431 1998 ἐξέδωκεν.

244 2031 472 2112 Ἠργολαβεῖτο
504 2031 616 2111 Γόργος
650 2033 802 2113 Θήρωνος.
835 2031 924 2097 Ἐπεί
958 2031 989 2095 δὲ
1012 2032 1047 2095 τὸ
1070 2039 1125 2103 τής
1150 2035 1267 2102 πόλεως
1293 2031 1433 2111 όργόριου

244 2136 360 2214 ἔλαβεν
400 2136 471 2202 οὔτε
511 2140 655 2209 τέκτονας
691 2139 759 2204 οὔτε
796 2136 945 2215 λιόοξόους
982 2138 1047 2204 οὔτ’
1084 2136 1199 2209 ἄλλους
1235 2138 1434 2215 δημιουργοὺς

246 2244 446 2321 έμισόώσατσ,
473 2245 560 2310 όλλόι
585 2246 669 2309 κατόν
692 2254 747 2318 τῆς
772 2246 878 2321 δοόσής
904 2246 1022 2318 πόλεως
1046 2246 1152 2323 μισόίυ
1178 2251 1241 2315 τοῖς
1266 2244 1436 2323 δορυφόροις

246 2349 335 2417 έδωκε
360 2352 412 2415 καί
437 2358 499 2421 τοῖς
525 2353 606 2422 ίδίοις
630 2355 788 2432 χρήμασιν
813 2352 1050 2430 Ἀκραγαντῖνοι
1078 2352 1135 2416 ὑπὸ
1157 2356 1290 2431 Θήρωνος
1312 2354 1435 2432 έτυραν·

244 2461 400 2533 νεόόνσαν.
431 2458 519 2524 Haec
551 2481 614 2546 quo
643 2481 725 2526 anno
755 2461 838 2526 facta
870 2463 936 2525 sint
963 2459 1043 2525 effici
1066 2466 1171 2545 potest
1194 2460 1337 2525 ererbie
1360 2458 1435 2524 Dio-

245 2566 314 2631 dori
329 2564 352 2647 ¹)
376 2613 384 2628 .
411 2614 418 2630 .
445 2615 452 2630 .
477 2567 556 2646 ήχόκ
589 2566 620 2631 δέ
651 2567 724 2647 παρ’
758 2568 887 2638 Ἠλείοις
920 2566 1103 2641 Ὀλυμπιὰς
1136 2566 1349 2643 ἑβδομηκοστὴ
1381 2568 1432 2631 καί

246 2672 364 2749 ἑβδόμη
390 2720 397 2738 .
426 2720 434 2737 .
465 2721 471 2738 .
498 2673 571 2738 Ἐπί
604 2673 635 2739 δὲ
667 2674 780 2739 τούτων
812 2676 897 2740 κατόν
929 2675 986 2752 μὲν
1017 2678 1070 2749 τήν
1105 2675 1252 2740 Σικελίαν
1285 2677 1389 2751 Θήρων
1421 2674 1434 2739 ό

247 2778 495 2856 ’Λιιραγαντίνων
519 2780 668 2854 δυνόστής
695 2781 904 2864 έτελειίτκσεν,
930 2779 1056 2860 ἄρξας
1081 2780 1148 2855 ira
1172 2782 1246 2845 δέκα
1271 2781 1323 2843 καί
1344 2777 1385 2856 ἕξ.

291 2885 443 2952 Theronis
468 2890 603 2953 maiores
625 2888 738 2954 Rhodo
762 2889 891 2975 quidem
916 2891 949 2953 in
971 2887 1116 2953 Siciliam
1136 2891 1292 2974 migrasse
1311 2893 1435 2953 constat

244 3015 306 3059 non
339 3014 413 3058 vero
443 3000 481 3058 ut
511 3015 607 3080 supra
634 2998 699 3060 iam
723 2995 847 3061 dictum
871 3003 929 3073 est,
954 3017 1008 3061 eos
1030 2998 1115 3060 inter
1138 2995 1309 3081 Agrigenti
1332 2993 1435 3058 condi·

244 3107 329 3165 tores
358 3100 465 3166 fuisse.
497 3099 628 3187 Origine
651 3123 705 3168 eos
727 3102 893 3168 Thebanos
916 3102 1015 3167 fuisse
1039 3102 1124 3187 apud
1148 3123 1257 3167 omnes
1280 3102 1436 3166 traditum

244 3208 437 3285 invenimus,
465 3208 521 3273 sed
542 3212 648 3274 variae
674 3213 881 3275 inveniuntur
906 3208 1114 3296 genealogiae
1127 3211 1163 3290 ²).

290 3313 428 3379 Maximi
447 3319 604 3381 momenti
623 3315 777 3382 Theronis
797 3319 943 3404 tyrannis
962 3318 996 3381 in
1021 3317 1154 3381 historia
1166 3315 1339 3402 Agrigenti
1363 3314 1436 3379 fuit.

244 3418 323 3484 Eius
342 3423 430 3486 enim
442 3422 639 3506 temporibus
652 3420 969 3510 Carthaginiensibus
981 3425 1045 3488 iarn
1059 3423 1181 3487 dudum
1194 3420 1391 3489 Graecorum
1403 3424 1437 3485 in

244 3526 329 3592 diem
349 3531 502 3593 crescenti
520 3533 674 3614 potestati
692 3531 919 3614 invidentibus,
944 3529 1191 3595 Himeraeorum
1213 3536 1369 3615 tyrannus
1381 3527 1438 3593 Te·

243 3631 336 3698 rillus
348 3638 542 3700 occasionem
564 3636 603 3701 ad
619 3635 741 3701 bellum
761 3657 836 3701 oum
849 3634 981 3702 Graecis
991 3635 1121 3702 Siciliae
1132 3635 1248 3701 incolis
1258 3633 1437 3700 ineundum

243 3740 371 3806 obtulit.
406 3740 544 3808 Teriilus
579 3746 676 3822 enim,
712 3741 858 3829 Orinippi
893 3742 989 3821 filius,
1022 3765 1109 3808 socer
1138 3741 1286 3808 Anaxilai
1316 3741 1434 3826 Rhegii

242 3850 381 3934 tyranni,
401 3869 476 3913 cum
496 3847 640 3915 Therone
658 3848 778 3914 bellum
797 3852 924 3914 inierat.
945 3848 1054 3915 Victor
1072 3852 1106 3913 in
1128 3849 1186 3914 hoc
1204 3846 1288 3913 bello
1305 3845 1431 3912 Theron

242 3954 315 4032 init,
338 3974 357 4019 a
379 3976 441 4040 quo
465 3955 599 4021 Himera
620 3955 774 4041 expulsus
797 3955 935 4021 Terillus
957 3956 997 4021 ad
1019 3976 1174 4043 generum
1198 3976 1293 4019 suum
1314 3954 1431 4019 Anaxi·

241 4060 330 4125 laum
373 4061 560 4148 confugerat
582 4064 617 4147 ³).
660 4062 845 4145 Anaxilaus,
887 4061 964 4127 filiis
997 4066 1064 4127 suis
1098 4061 1261 4127 obsidibus
1295 4059 1431 4139 traditis,

242 4163 561 4253 Carthaginiensibus
592 4176 629 4233 ut
663 4190 757 4255 opem
787 4169 847 4233 sibi
875 4168 994 4233 ferrent
1023 4171 1181 4254 persuasit
1194 4171 1231 4248 Υρ.
1256 4166 1431 4244 Hamilcar,

241 4270 545 4359 Carthaginiensum
576 4275 652 4352 dux,
676 4296 751 4340 oum
776 4296 863 4340 mare
887 4275 1048 4362 Libycum
1070 4278 1218 4341 traiceret
1241 4280 1431 4359 tempestate

242 4396 456 4407 ———

278 4451 301 4512 l)
318 4448 390 4499 Diod.
410 4450 458 4500 sic.
475 4451 519 4501 XI.
541 4452 580 4501 ta.

276 4532 299 4593 2)
316 4532 396 4582 Schol.
421 4533 452 4582 ed
479 4533 549 4584 Pind.
575 4534 654 4585 Germ.
673 4534 764 4585 01.11.
784 4534 823 4583 lo.
841 4533 881 4584 82.
900 4533 940 4584 111
958 4536 997 4585 68.
1018 4535 1170 4588 Holmoi.
1187 4535 1199 4584 I
1218 4551 1241 4600 p.
1259 4535 1316 4585 414.
1334 4532 1431 4584 Sieiert.

241 4632 264 4665 o.
282 4616 299 4665 l.
335 4617 401 4666 M.

276 4698 300 4760 8)
317 4632 408 4752 Herod.
425 4698 472 4748 VII
490 4700 630 4754 loe-1⁶7.
827 4702 853 4762 4)
872 4699 960 4751 Herod.
977 4700 1014 4751 l.l.
1032 4701 1105 4752 Diod.
1122 4701 1170 4752 Sic.
1187 4700 1231 4751 11.
1247 4700 1270 4751 1.
1288 4700 1328 4749 20.
1380 4707 1383 4712 ’
