3734 5767
829 732 871 798 31

254 914 331 979 urbe
376 914 486 992 fuisse,
533 935 610 979 nam
653 916 869 994 Θεσμοφορίων
910 914 1003 980 ὄντων
1044 915 1189 982 Phalaris
1228 938 1246 982 a
1285 916 1446 1004 Polyaeno

253 1019 458 1106 tyrannidem
486 1041 656 1105 occupasse
691 1020 821 1086 dicitur.
856 1020 1031 1108 Templum
1065 1020 1152 1088 Iovis
1185 1021 1315 1088 Tutoris
1354 1022 1447 1088 Urbis

254 1129 381 1192 eratin
406 1150 484 1193 arce.

298 1232 384 1312 Quae
415 1254 488 1319 pars
519 1233 612 1300 collis
644 1236 852 1322 Agrigentini
883 1257 941 1321 pro
971 1257 1041 1301 erce
1069 1238 1111 1301 sit
1135 1236 1280 1301 habenda
1302 1238 1446 1322 primum

254 1345 303 1405 est
326 1338 553 1424 quaerendum.
575 1337 667 1405 Serra
691 1340 723 1405 di
746 1340 893 1407 Falconis
913 1345 1061 1427 opinione
1085 1363 1140 1407 err
1160 1342 1389 1408 extendebatur
1409 1343 1449 1408 ab

254 1445 387 1511 ecclesia
409 1448 462 1511 cui
486 1467 601 1511 nomen
627 1446 680 1524 ‚,S.
701 1447 807 1512 Maria
826 1448 877 1513 dei
897 1447 1013 1514 Greci''
1034 1451 1081 1530 (in
1101 1448 1216 1534 oppido
1238 1445 1446 1536 „Girgenti’')

254 1573 354 1637 usque
384 1552 424 1620 ed
455 1552 622 1619 ecclesiam
651 1554 706 1631 „di
730 1554 762 1619 S.
787 1554 923 1641 Biago’'.
949 1554 1132 1620 Secundum
1157 1558 1243 1620 euim
1268 1556 1352 1621 hunc
1376 1577 1447 1622 auc-

253 1666 356 1725 torem
377 1663 401 1744 ’)
425 1659 585 1747 templum
613 1659 700 1726 lovis
724 1661 885 1747 Atabyrii,
908 1662 993 1747 qnod
1017 1642 1174 1748 Polybius
1197 1665 1230 1727 in
1254 1683 1324 1727 arce
1348 1663 1445 1728 fuisse

254 1768 364 1832 scribit
382 1765 417 1846 ⁹),
449 1773 482 1832 et
512 1766 672 1852 templum
704 1767 882 1845 Minervae,
910 1768 995 1854 quod
1019 1789 1037 1833 a
1059 1768 1223 1856 Polyaeno
1247 1774 1446 1835 memoratur

254 1873 298 1939 Vl
331 1873 384 1949 51,
421 1879 453 1938 et
476 1895 495 1939 a
517 1872 654 1961 Polybio
678 1874 727 1938 iul
752 1883 806 1948 τῆς
833 1883 966 1953 κορυφῆς
989 1877 1069 1940 arcis
1092 1875 1192 1940 fnisse
1215 1874 1333 1940 dicitnr
1356 1883 1446 1941 erant

254 1983 288 2045 in
311 1979 488 2046 monticulo
513 1981 607 2046 hodie
632 1980 744 2067 „Rupe
768 1981 910 2048 Atenea''
931 1982 1026 2047 dicto.
1048 1981 1161 2068 „Rupe
1181 1982 1323 2047 Atenea’'
1343 1985 1447 2069 igitur

255 2085 349 2152 Serra
368 2087 401 2151 di
420 2086 514 2153 Falco
534 2094 627 2173 putat
646 2110 714 2154 esse
737 2095 862 2173 partem
878 2089 968 2152 oreis.
992 2088 1159 2154 Siefertius
1175 2088 1288 2174 „Rupe
1305 2089 1447 2155 Atenea’'

254 2194 293 2259 ab
325 2214 395 2259 arce
428 2193 612 2281 distinguit,
645 2194 698 2259 sed
731 2195 853 2281 templa
885 2196 971 2262 Iovis
1001 2196 1145 2282 Atabyrii
1168 2201 1201 2261 et
1228 2196 1394 2262 Minervae
1417 2199 1451 2260 in

255 2320 383 2365 summo
413 2300 474 2366 hoc
497 2300 674 2366 monticulo
697 2301 803 2387 (Rupe
828 2303 963 2386 Atenea)
986 2303 1085 2367 tuisse
1108 2302 1272 2368 contendit
1290 2301 1328 2385 ³).
1352 2301 1450 2367 Schu-

255 2407 402 2492 bringius
433 2414 605 2493 utramque
636 2410 819 2494 opinionem
850 2407 979 2474 refellit.
1013 2408 1127 2495 „Rupe
1154 2407 1296 2473 Atenea'’
1322 2415 1447 2494 partam

257 2513 355 2578 fnisse
386 2515 466 2578 arcis
497 2520 610 2600 negat;
635 2512 756 2599 templa
779 2518 964 2580 in'summo
988 2517 1047 2580 hoc
1070 2514 1248 2580 monticulo
1273 2515 1373 2580 fnisse
1396 2536 1450 2600 pa·

256 2640 331 2684 rum
356 2619 532 2686 verisimile
555 2620 654 2698 ducit,
667 2641 739 2685 cum
765 2620 855 2686 nulla
874 2621 989 2706 templi
1008 2624 1147 2708 vestigia
1166 2622 1211 2686 ibi
1231 2624 1448 2704 inveniantur,

256 2733 288 2790 et
315 2725 392 2803 „der
426 2727 552 2792 oberste
585 2725 765 2812 Felsknopf
795 2727 894 2792 selbst
928 2730 999 2795 eine
1033 2749 1069 2792 :o
1102 2731 1236 2815 geringe
1273 2727 1446 2794 wennauch

255 2831 457 2919 rechteckige
489 2830 604 2898 Fliche
634 2833 726 2918 (hat),
758 2833 829 2898 dees
860 2855 894 2899 er
917 2834 1018 2899 kaurn
1038 2838 1128 2900 einen
1152 2834 1279 2901 kleinen
1303 2833 1446 2921 Pempel,

256 2947 338 3005 etue
368 2942 419 3004 ein
451 2938 584 3025 'Pompel
614 2941 648 3004 in
680 2942 773 3022 antis,
806 2949 918 3028 tragon
949 2940 1079 3016 bonnis,
1104 2940 1265 3026 (obgleich
1289 2942 1370 3005 auch
1394 2942 1447 3006 fiir

255 3045 315 3110 den
345 3045 396 3111 die
427 3045 533 3112 Breite
551 3045 659 3112 Kenm
677 3048 861 3133 ansreicht),
885 3047 1087 3135 geschweige
1111 3048 1194 3114 denn
1217 3048 1328 3113 nwei.”
1354 3047 1448 3114 Serra

255 3152 288 3216 di
314 3151 459 3219 Falconis
490 3156 672 3240 opinionem
702 3156 795 3219 reicit
825 3155 909 3240 quod
939 3153 1053 3220 Graeci
1086 3154 1237 3241 „Burgen
1268 3175 1330 3220 von
1361 3158 1449 3219 einer

254 3256 379 3324 Stunde
413 3258 544 3346 Linge’
579 3260 711 3326 condere
746 3282 810 3326 non
845 3261 993 3338 solerent,
1030 3268 1062 3327 et
1097 3283 1221 3339 murus,
1245 3281 1309 3345 quo
1339 3282 1445 3327 arcem

254 3367 486 3451 Agrigentinos
509 3366 755 3433 circumdedisse
773 3378 905 3453 apparet
924 3388 942 3432 e
961 3368 1093 3456 Polybii
1114 3373 1146 3434 et
1166 3368 1321 3455 Polyaeni
1342 3369 1448 3434 verbis

255 3472 327 3548 „bei
350 3471 453 3537 dieser
476 3472 698 3560 Ausdehnung
721 3473 842 3539 sowohl
866 3475 1062 3552 undenlcbar,
1087 3473 1135 3539 als
1158 3475 1241 3540 such
1265 3474 1369 3539 weder
1393 3474 1448 3539 der

254 3576 468 3644 Oertlichlreit
489 3599 699 3667 engemessen
722 3580 826 3663 (sei).’'
846 3581 923 3657 Arx,
945 3580 1213 3667 siScbubringio,
1227 3602 1322 3666 quem
1336 3601 1446 3645 omnes

248 3684 348 3751 bodie
367 3693 555 3772 sequuntur,
576 3686 745 3764 credimus,
770 3689 804 3751 in
828 3707 864 3752 ea
888 3699 956 3752 erat
980 3694 1070 3772 perte
1094 3686 1183 3753 collis
1207 3689 1240 3751 in
1264 3708 1327 3774 qua
1350 3687 1445 3753 hodie

254 3792 410 3878 oppidum
434 3789 629 3879 „Girgenti”
654 3796 754 3857 situm
777 3799 835 3858 est.
860 3792 936 3859 Tria
959 3794 1134 3860 secundum
1153 3794 1247 3859 illum
1268 3799 1358 3859 erant
1377 3797 1442 3859 arci

254 3902 399 3964 nomina:
434 3899 608 3984 Acropolis‚
645 3900 849 3988 Atabyrium‚
882 3899 977 3981 λόφοι
1016 3902 1183 3974 Ἀθήναιος.
1212 3901 1306 3988 Apud
1330 3900 1441 3986 Steph.

254 4004 330 4092 Bys.
355 4027 380 4071 s.
405 4026 438 4070 v.
464 4004 648 4084 Ἀταβύριον
673 4009 760 4071 enim
785 4007 862 4071 haec
885 4006 1045 4093 legimus:
1060 4056 1086 4073 ..
1104 4013 1198 4072 Ἔστι
1220 4008 1271 4071 καὶ
1294 4008 1441 4079 Σικελίας

256 4111 500 4192 Ἀταβύριον
537 4113 574 4184 ὥς
611 4112 756 4189 Τιμοιιοο,
795 4118 826 4177 et
861 4112 1018 4200 Polybius
1054 4116 1165 4179 scribit
1188 4113 1274 4180 Iovis
1302 4113 1444 4197 Atabyrii

255 4217 412 4303 templum
443 4218 542 4284 fuisse
571 4222 605 4284 in
636 4243 712 4302 οοοο,
744 4219 828 4284 unde
855 4220 1130 4286 verisimillimum
1151 4229 1199 4286 est
1223 4241 1326 4286 arcem
1350 4221 1443 4305 Agri·

252 4327 417 4412 gentinam
442 4345 557 4391 nomen
582 4326 822 4412 „Atabyrium”
847 4347 866 4391 a
889 4327 1010 4413 templo
1031 4327 1115 4393 lovis
1135 4328 1284 4414 Atabyrii
1297 4328 1441 4391 traxisse.

288 4586 312 4648 1)
328 4584 464 4650 Schnbriug
480 4603 502 4637 o.
519 4587 537 4636 l.
554 4603 578 4652 p.
596 4587 636 4637 82.
853 4587 878 4648 2)
895 4586 982 4651 Polyb.
1000 4587 1043 4648 lx,
1060 4587 1100 4640 27.

288 4669 313 4732 8)
329 4667 425 4718 Siefert.
442 4685 465 4719 o.
482 4668 501 4718 l.
517 4686 540 4735 p.
557 4671 599 4720 89.
