3734 5767
1000 744 1044 810 44

426 928 643 1014 aquaeductus
677 930 876 996 subterranei
910 949 1027 1013 aquam
1061 931 1095 993 in
1130 927 1257 1007 locum,
1292 930 1348 995 ubi
1383 929 1618 1019 Schubringins

424 1039 579 1121 piscinam
605 1036 703 1101 fuisse
726 1036 872 1114 affirmat,
898 1037 1027 1101 duxmse
1050 1035 1221 1101 videantur
1234 1033 1269 1116 ¹).

471 1249 520 1313 Dc
542 1250 669 1333 templis

471 1355 631 1436 Quaenam
652 1356 774 1442 templa
793 1358 904 1422 statim
924 1362 996 1440 post
1016 1357 1183 1421 victoriam
1200 1356 1285 1441 apud
1297 1356 1465 1423 Himeram
1477 1365 1616 1445 reporta·

426 1469 495 1528 tam
518 1484 673 1549 quaenam
697 1470 807 1549 postea
828 1465 892 1528 sint
915 1467 1079 1528 exstructa
1098 1462 1214 1527 diserte
1235 1461 1359 1528 definiri
1378 1486 1441 1530 non
1460 1464 1615 1550 potest²).

427 1569 587 1636 Docemnr
606 1591 624 1636 a
643 1569 782 1636 Diodoro
803 1568 911 1636 Siculo
929 1572 1074 1655 captivos
1092 1568 1371 1655 Carthaginienses
1395 1569 1516 1656 lapides
1535 1576 1618 1638 exci-

429 1678 512 1742 disse
543 1674 577 1753 ἐξ
607 1674 645 1742 ὦν
668 1678 694 1742 oi
726 1677 868 1754 μέγιστοι
893 1682 951 1740 τῶν
975 1677 1045 1740 θεῶν
1068 1676 1131 1740 caol
1157 1676 1460 1750 κατεσκευάσθησαν.
1486 1677 1618 1745 Constat

427 1786 531 1872 igitur
546 1784 718 1870 Agrigenti
732 1781 920 1869 lapicidinas
936 1785 1091 1848 extitisse.
1107 1781 1301 1848 Etiamnunc
1317 1782 1507 1870 lapicidinae
1522 1807 1618 1871 prope

427 1890 640 1956 monticulum
658 1890 769 1975 „Rupe
784 1886 929 1955 Atenea”
945 1892 1167 1972 inveniuntur,
1186 1910 1266 1975 quae
1284 1898 1393 1955 autem
1410 1912 1489 1956 num
1501 1890 1618 1957 'Pharo

425 2001 476 2063 nis
498 2000 563 2064 ianr
575 2002 679 2063 aetate
691 2000 859 2063 extiterint
872 1997 1021 2061 dubitant
1033 1998 1097 2061 uiri
1109 1996 1193 2061 docti
1204 2003 1239 2076 ⁸).
1259 1997 1429 2063 Materiam
1443 1998 1617 2064 admodum

427 2105 561 2171 mollem
584 2105 624 2171 ab
643 2105 798 2169 imbrium
819 2106 852 2168 vi
871 2103 971 2169 simul
992 2112 1024 2168 et
1042 2102 1117 2168 eolis
1137 2109 1205 2167 arte
1227 2107 1358 2169 tectoria
1377 2106 1535 2188 (naviam)
1555 2127 1618 2191 qua

427 2215 541 2278 ceteris
555 2261 558 2266 -
572 2214 769 2297 praestitisse
799 2210 951 2276 dicuntur
977 2209 1183 2295 Agrigentini
1207 2212 1328 2295 optima
1351 2214 1561 2299 protegebant
1580 2211 1616 2286 ⁴).

472 2318 629 2404 Pleraque
653 2317 774 2403 templa
794 2319 829 2381 in
852 2323 943 2402 parte
968 2316 1056 2380 urbis
1079 2321 1169 2380 erant
1189 2316 1400 2394 meridionali,
1420 2322 1454 2382 in
1472 2327 1617 2384 extremo

428 2425 520 2491 colle:
556 2424 619 2490 Ubi
657 2445 785 2511 vorago,
816 2445 897 2509 quae
929 2425 1042 2488 urbem
1072 2423 1260 2501 circumdat,
1289 2424 1484 2490 occidentem
1515 2425 1618 2492 solem

428 2551 542 2599 uersus
565 2531 705 2597 flectitur
723 2529 883 2615 templum
903 2536 952 2594 eet
971 2528 1073 2614 vulgo
1091 2529 1218 2593 Iunonie
1236 2530 1359 2595 dictum
1367 2532 1522 2611 Laciniae,
1535 2532 1619 2618 quod

430 2659 546 2703 nomen
566 2636 678 2723 procul
701 2636 799 2701 dnbio
822 2634 940 2700 falsum
963 2635 1056 2700 debet
1069 2634 1227 2721 templum
1238 2636 1307 2702 loco
1319 2638 1446 2702 cuidam
1459 2638 1619 2717 Pliniana,

431 2747 487 2830 qui
508 2744 630 2831 legitur
647 2743 687 2809 N.
702 2743 743 2807 H.
768 2741 902 2820 XXXV,
925 2741 978 2818 64,
1000 2741 1055 2807 ubi
1074 2740 1190 2807 Zeuxis
1210 2742 1363 2818 „tantus”
1384 2745 1481 2809 fuisse
1502 2744 1619 2810 dicitur

430 2850 620 2937 „diligentia
656 2856 693 2915 ut
722 2852 945 2936 Agrigentinis
976 2849 1119 2913 facturus
1149 2848 1293 2915 tabulam
1320 2871 1416 2935 quam
1440 2851 1618 2937 intemplo

428 2958 560 3023 Iunonis
591 2956 766 3022 didicarent
795 2957 970 3041 inspexerit
999 2958 1142 3041 virgines
1165 2976 1275 3020 eorum
1299 2957 1401 3022 nudas
1424 2965 1456 3023 et
1479 2960 1619 3044 quinque

428 3065 564 3151 elegerit
593 3070 630 3128 nt
660 3064 743 3149 qnod
775 3065 808 3126 in
840 3083 964 3148 quaque
994 3062 1163 3127 laudatum
1191 3067 1274 3128 esset
1296 3066 1421 3148 pictura
1442 3064 1619 3130 redderet'’.

428 3169 600 3257 'Pemplnm
623 3191 698 3235 cum
722 3191 740 3234 a
764 3168 967 3256 Girgentinis
992 3168 1109 3247 „Torre
1127 3168 1210 3234 delle
1229 3168 1391 3236 Pulselle''
1405 3173 1432 3251 8)
1452 3171 1619 3250 diceretur,

429 3276 572 3343 tabulam
604 3298 622 3342 a
650 3275 750 3342 Zeuxi
780 3279 899 3361 pictam
921 3275 981 3340 hoc
1004 3278 1037 3339 in
1062 3275 1182 3360 templo
1204 3276 1302 3341 fnisse
1326 3284 1359 3342 et
1381 3277 1539 3363 templum
1563 3301 1620 3365 pro

428 3384 559 3450 Iunonis
581 3382 729 3449 Laciniae
752 3404 820 3449 esse
843 3382 1034 3460 habendum,
1058 3390 1149 3448 erant
1170 3386 1226 3469 qui
1245 3386 1460 3470 opinarentur.
1484 3385 1546 3451 Sed
1564 3388 1620 3472 qni

467 3599 490 3660 l)
507 3597 650 3662 Schubring.
673 3613 696 3646 o.
718 3597 737 3645 l.
759 3612 783 3660 p.
804 3597 844 3644 44.
867 3594 938 3644 Noch
961 3594 1047 3643 zweier
1073 3593 1231 3644 vereinzeltcr
1250 3596 1372 3645 Gewriarcr
1389 3597 1500 3646 crailinc
1516 3597 1563 3658 ich,
1580 3598 1620 3647 die

430 3681 477 3731 mit
501 3680 556 3731 dem
583 3680 649 3729 alten
675 3680 769 3744 Syrtem
796 3678 860 3728 wohl
883 3678 964 3728 nichte
988 3694 1018 3727 zu
1037 3677 1097 3727 than
1116 3677 1208 3728 haben:
1227 3687 1318 3727 cretone
1335 3678 1402 3728 einer
1418 3678 1513 3729 Trinlrc
1529 3697 1561 3730 an
1577 3681 1620 3730 der

431 3764 554 3813 chausses
577 3762 639 3811 nach
661 3763 717 3811 dem
739 3762 812 3811 Porto
834 3759 991 3825 Empedoclis,
1009 3762 1094 3809 uniern
1111 3776 1167 3809 vom
1183 3760 1323 3810 wcetliohen
1341 3761 1420 3811 'shore
1438 3778 1484 3811 von
1502 3762 1620 3827 Girgcnti,

432 3847 471 3896 dic
491 3846 550 3896 halb
565 3845 664 3895 bitteree
681 3861 724 3894 aus
742 3845 785 3894 der
801 3844 872 3894 stadt
889 3843 1052 3893 stammender
1066 3843 1163 3892 Wasrcr
1179 3843 1291 3901 hat,nnd
1308 3843 1419 3893 zwcitcur
1437 3844 1620 3910 cisoranum,

432 3929 465 3978 im
482 3928 563 3977 Sidon
580 3928 622 3977 der
639 3927 704 3977 alten
722 3927 793 3976 stadt
810 3943 850 3976 nm
867 3925 968 3991 'Pompcl
987 3926 1027 3974 des
1046 3925 1183 3991 Asklepios,
1198 3926 1270 3976 haute
1288 3925 1350 3975 Casa
1368 3927 1392 3976 S.
1409 3928 1533 3992 Gregorio.

464 4011 819 4076 mfflmopled

466 4094 491 4156 8)
507 4093 650 4157 Schnbring.
673 4109 696 4141 o.
721 4092 738 4141 l.
761 4108 785 4157 p.
808 4091 932 4141 dim...
956 4091 1102 4150 „Cavect2'',
1121 4091 1159 4140 dia
1177 4091 1201 4140 in
1219 4092 1262 4141 der
1279 4093 1411 4142 modernan
1428 4094 1480 4143 Zeit
1496 4110 1523 4143 so
1541 4093 1622 4144 eruci·

431 4183 479 4227 tert
497 4176 559 4235 sind,
577 4176 632 4225 dass
650 4192 706 4225 man
724 4175 764 4224 dic
780 4175 863 4224 sutile
881 4174 1048 4238 Ansdchnnng
1066 4174 1134 4223 nicht
1151 4173 1219 4223 mehr
1237 4175 1357 4224 crkcnnen
1374 4176 1446 4225 kann.

464 4255 1620 4321 qmaffidmstammmmstpaammmffimfflmdm

432 4342 534 4392 standan
551 4340 590 4391 dis
607 4340 725 4391 Griechcn
744 4356 771 4389 so
787 4339 912 4404 geschiclt
927 4356 957 4388 nn
977 4339 1123 4398 bahandeln,
1141 4339 1205 4399 dass,
1222 4340 1336 4389 wihrcnd
1353 4339 1396 4390 der
1412 4340 1551 4390 natirrliche
1567 4340 1622 4390 Falr

411 4483 414 4488 ,
432 4425 478 4474 mit
494 4423 597 4473 Manern
616 4423 665 4472 und
682 4423 790 4472 Griberu
808 4422 885 4472 durch
902 4423 949 4471 den
968 4422 1034 4472 Zahn
1055 4423 1097 4471 der
1115 4422 1285 4471 delaceratam
1301 4423 1397 4472 worden
1414 4423 1453 4482 ist,
1471 4424 1534 4474 noch
1550 4424 1622 4473 haute

432 4508 472 4557 die
496 4507 596 4572 Tempal
619 4523 645 4556 ao
668 4513 713 4571 gut
733 4505 958 4555 zusammenlrnlten
985 4506 1041 4555 dass
1063 4522 1120 4555 man
1145 4505 1184 4554 dia
1208 4505 1289 4569 Fugan
1310 4505 1353 4555 der
1370 4505 1484 4570 Quadam
1501 4507 1575 4556 kaurn
1592 4522 1622 4555 su

432 4591 491 4640 rahn
518 4605 625 4655 vermag,
649 4589 763 4639 withrend
790 4589 832 4639 der
854 4588 921 4638 Stein
947 4604 1029 4653 wegen
1055 4589 1134 4638 rainer
1158 4587 1295 4637 Wcichheit
1320 4588 1366 4638 mit
1390 4589 1446 4638 dem
1468 4589 1560 4638 Mamer
1585 4604 1624 4653 ge·

433 4673 555 4724 schnittcn
572 4673 666 4723 werden
684 4673 758 4723 kann.
1093 4673 1117 4734 5)
1134 4670 1216 4720 Holm.
1234 4687 1256 4721 ο.
1276 4671 1293 4721 1.
1310 4671 1331 4730 I,
1347 4687 1371 4737 p.
1389 4671 1447 4721 29t.
