3734 5767
1009 761 1053 828 30

433 949 580 1029 afflictus,
599 947 739 1013 navibus
761 946 877 1031 quibus
901 947 975 1031 equi
996 948 1029 1010 et
1047 967 1159 1010 eunus
1182 947 1467 1013 transvehebantur
1487 950 1627 1026 amissis,

432 1057 700 1122 Panormitanum
740 1058 871 1137 portum
905 1054 1042 1117 intrarit
1075 1058 1108 1117 et
1141 1052 1258 1118 damna
1292 1054 1452 1141 naufragii
1485 1057 1625 1120 resarsit.

433 1162 552 1242 Quarto
580 1160 631 1225 die
655 1161 831 1225 exereitum
856 1165 1033 1224 recreatum
1056 1158 1208 1224 adversus
1231 1159 1478 1227 Himeraeorum
1500 1161 1624 1238 urbem,

433 1290 531 1354 quam
557 1266 682 1332 Theron
713 1265 888 1342 obtinebat,
918 1264 1011 1330 duxit
1042 1286 1177 1351 eamque
1207 1267 1349 1333 obsidere
1375 1270 1489 1355 coepit.
1514 1267 1626 1333 Hime

432 1396 520 1441 rasos
549 1376 748 1459 eruptionem
780 1372 928 1437 iacientes
948 1371 1043 1449 fudit,
1068 1379 1258 1458 tantumque
1280 1375 1321 1438 iis
1342 1376 1452 1439 inieoit
1474 1377 1626 1440 timorem

431 1489 470 1546 ut
500 1480 625 1546 Theron
655 1478 781 1565 legatos
808 1480 938 1543 mittere
962 1476 1136 1565 Syracusae
1159 1482 1361 1545 constituerit
1384 1482 1441 1565 qui
1463 1501 1482 1546 a
1504 1478 1626 1547 Gelono

431 1587 591 1654 auxilium
627 1593 781 1672 peterent.
817 1584 881 1650 Hie
915 1605 1034 1670 magno
1068 1606 1142 1650 eum
1174 1590 1316 1651 exercitu
1346 1607 1444 1673 quam
1473 1590 1626 1653 maximis

431 1696 540 1780 potuit
573 1692 746 1758 itineribus
780 1690 950 1756 Himeram
985 1696 1180 1777 properarit,
1212 1714 1275 1778 quo
1307 1714 1382 1758 oum
1413 1697 1563 1769 venisset,
1590 1696 1624 1758 in

431 1802 572 1867 hostium
611 1802 752 1865 exercitu
786 1798 934 1862 funditus
969 1798 1100 1865 delendo
1135 1799 1264 1865 fortuna
1298 1800 1428 1866 adiutus
1443 1802 1478 1880 ¹),
1513 1801 1624 1865 urbem

430 1907 592 1974 obsidione
621 1905 781 1980 liberavit,
812 1907 1040 1990 ingentemque
1070 1905 1147 1970 fecit
1177 1906 1337 1992 praedam,
1372 1928 1469 1992 quam
1504 1909 1623 1993 partim

429 2035 538 2079 seeum
562 2012 655 2077 duxit
678 2011 861 2098 Syracusas,
886 2014 1006 2096 partim
1031 2010 1212 2077 Himeraeis
1236 2015 1521 2100 Agrigentinisque
1541 2014 1623 2080 dono

432 2122 528 2187 dedit.
552 2122 760 2207 Agrigentini
783 2122 911 2183 tantum
934 2126 1010 2184 sunt
1029 2123 1114 2185 nacti
1132 2140 1305 2185 numerum
1323 2123 1525 2206 captivorum
1545 2118 1622 2186 ώστε

433 2228 567 2295 τολλοὺς
599 2233 657 2291 τῶν
689 2226 811 2290 ἰδιωτῶν
842 2224 915 2304 παρ’
949 2225 1053 2297 αὐτοῖς
1086 2227 1170 2305 ἔχειν
1200 2225 1361 2300 δεσμώταις
1385 2229 1622 2298 πεντακοσίους.

434 2333 633 2411 Συνεβώλετο
668 2334 740 2415 γὰρ,
774 2334 821 2396 its
857 2334 964 2417 pergit
999 2330 1157 2397 Diodorus
1189 2331 1316 2398 Siculus
1336 2333 1374 2413 ²),
1409 2335 1514 2405 adroic
1549 2335 1621 2413 πρός

434 2445 546 2516 τλνῑόος
579 2442 638 2504 τών
669 2440 883 2518 αἰχμαλώτων
914 2441 947 2502 οώ
979 2442 1067 2515 μόνον
1096 2436 1141 2502 ότι
1166 2438 1298 2511 πολλοὺς
1323 2444 1516 2517 στρατιώτας
1542 2442 1622 2506 ώτε-

432 2546 605 2618 σταλκότες
640 2541 715 2619 ἦσαν
739 2546 788 2609 ε’τὶ
813 2547 868 2619 την
890 2545 1002 2623 μάχην
1026 2548 1183 2631 (captivos
1206 2550 1294 2612 enim
1318 2543 1399 2613 Gelo
1421 2550 1506 2613 inter
1522 2550 1623 2614 sorios

432 2655 641 2721 distribuerat
667 2652 752 2717 κατοὶ
772 2651 823 2716 τόν
843 2651 1044 2733 ἀριθμὸντῶν
1063 2655 1355 2731 συστρατευσάντων
1375 2658 1430 2729 την
1449 2657 1623 2731 ώναλογόαν

432 2762 658 2846 πονησάμενος),
691 2759 778 2824 οὶλλόν
810 2761 863 2823 καὶ
887 2758 979 2842 hidre,
1012 2759 1177 2836 γενομένης
1209 2768 1264 2834 τῆς
1296 2768 1408 2840 τροπῆς
1433 2761 1540 2827 πολλοὶ
1565 2768 1622 2826 τών

432 2868 611 2950 Φευγόντων
633 2868 675 2938 εἰς
695 2869 749 2940 την
770 2867 931 2943 μεσόγειον
952 2867 1150 2945 ώνεχώρησαν
1169 2866 1313 2941 psalm
1335 2867 1361 2931 δ’
1382 2868 1424 2939 εἷς
1440 2870 1495 2943 την
1509 2870 1623 2949 Ἀκρα-

432 2978 592 3055 γαντίνων,
615 3013 655 3025 -
674 2974 756 3039 unde
779 2979 911 3059 apparet
933 2973 1089 3039 Theronis
1113 2975 1311 3060 temporibus
1335 2977 1622 3062 Agrigentinorum

431 3085 509 3149 fines
540 3086 606 3148 iam
637 3081 701 3147 late
733 3084 873 3167 patuisse
898 3117 953 3158 -,
977 3077 1014 3144 ών
1039 3080 1186 3145 οἱτώντυν
1211 3081 1267 3145 ὑπὸ
1290 3088 1348 3146 τῶν
1374 3082 1623 3161 Ἀκραγαντίνων

434 3190 641 3269 ζωγρηθέντων
672 3188 784 3266 ἔγεμεν
816 3189 834 3262 ἦ
864 3188 953 3258 στόλος
985 3193 1043 3251 τών
1076 3188 1262 3252 ἑαλωκότων.
1285 3187 1362 3253 Inde
1385 3210 1403 3253 a
1426 3191 1560 3255 victoria
1582 3189 1621 3255 ad

431 3297 599 3362 Himeram
638 3299 831 3380 reportatam
875 3315 977 3379 usque
1021 3294 1060 3359 ad
1102 3294 1214 3359 urbem
1249 3315 1267 3359 a
1301 3292 1620 3382 Carthaginiensibus

431 3409 660 3490 expugnatam,
698 3401 942 3466 florentissimae
980 3407 1070 3465 erant
1109 3402 1394 3486 Agrigentinorum
1434 3423 1493 3466 res.
1524 3401 1621 3467 Hisce

431 3510 632 3596 temporibus
662 3507 811 3593 pleraque
841 3514 916 3572 sunt
943 3513 1088 3572 extructa
1111 3505 1232 3591 templa
1254 3505 1311 3571 illa
1333 3506 1457 3592 aliaque
1480 3507 1622 3573 aedificia

432 3637 511 3704 quae
543 3616 657 3681 urbem
688 3614 893 3680 reddiderunt
925 3615 1100 3678 καλλίσταν
1128 3613 1262 3691 βροτεᾶν
1291 3613 1453 3692 σολόωνθ).
1483 3613 1551 3693 Quo
1582 3614 1620 3679 de

431 3729 573 3809 tempore
592 3724 681 3808 prius
700 3742 797 3806 quam
816 3723 926 3807 agitur
946 3723 1056 3806 pausis
1083 3729 1132 3785 est
1154 3720 1316 3807 agendum
1335 3719 1374 3785 de
1397 3719 1528 3806 templis
1547 3727 1620 3786 ante

431 3829 584 3895 Theronis
608 3833 746 3894 aetatem
770 3830 924 3893 extructis
949 3832 981 3892 et
1005 3827 1043 3892 de
1065 3847 1146 3893 aree.

477 4042 526 4107 Er
556 4039 626 4106 loeo
656 4039 811 4126 Polyaeni
824 4040 859 4120 ⁴),
887 4040 943 4104 ubi
966 4043 1114 4103 narratur
1139 4058 1201 4121 quo
1224 4037 1319 4103 modo
1342 4038 1488 4104 Phalaris
1512 4048 1621 4127 tyran-

433 4149 505 4214 nide
535 4153 578 4214 sit
610 4151 743 4233 potitus,
775 4154 905 4234 apparet
936 4149 1001 4211 iam
1033 4143 1212 4209 Phalaridis
1242 4146 1441 4231 temporibus
1476 4152 1621 4215 extitisse

434 4255 592 4340 templum
613 4254 720 4332 „lovis
743 4254 873 4320 Tutoris
892 4254 1009 4318 Urbis''
1030 4254 1119 4332 (Ζεὺς
1142 4254 1295 4332 Πολοεός);
1317 4254 1401 4319 idem
1422 4253 1510 4320 loeus
1529 4255 1621 4322 doeet

431 4366 498 4427 iam
544 4364 776 4447 antiquissimis
826 4360 916 4425 urbis
968 4358 1166 4444 temporibus
1212 4355 1335 4423 Cereris
1382 4360 1541 4447 templum
1587 4366 1621 4427 in

429 4561 432 4568 Δ
466 4608 489 4668 1)
506 4605 589 4655 Holm.
608 4622 631 4656 o.
649 4605 665 4655 1.
685 4604 705 4653 1.
722 4621 746 4670 p.
764 4604 812 4654 20⁵
831 4617 882 4666 sqq.
1116 4599 1141 4660 2)
1159 4596 1231 4647 Diod.
1250 4597 1296 4647 Sie.
1315 4598 1357 4649 xl.
1375 4601 1416 4651 25.

465 4690 489 4751 8)
507 4687 577 4737 Pind.
594 4687 674 4737 Germ
693 4686 764 4751 Pyth.
782 4683 839 4743 XII,
858 4683 880 4732 l.
1113 4682 1142 4745 4)
1159 4679 1275 4746 Polyaon.
1293 4679 1321 4739 V,
1340 4682 1363 4732 1.
