3734 5767
823 756 865 824 77

249 945 417 1011 bominum
448 946 482 1009 in
512 945 703 1010 servitutem
733 942 934 1009 abduxerunt
948 941 984 1024 ¹),
1016 938 1215 1022 (11110262ο
1239 962 1266 1007 a.
1289 940 1364 1009 Chr.
1384 947 1439 1027 n).

294 1055 472 1140 Agrigento
501 1055 685 1138 expugnato
716 1048 835 1115 multas
862 1049 941 1116 alias
964 1050 1058 1114 urbes
1081 1049 1204 1115 insulae
1225 1051 1360 1136 imperio
1383 1071 1441 1117 suo

248 1159 462 1236 subiecerunt,
494 1160 580 1223 inter
609 1177 688 1243 quas
719 1158 818 1221 etiam
841 1156 940 1221 fuisse
964 1154 1143 1234 Carnicum,
1167 1156 1304 1236 φρούριον
1326 1158 1441 1235 Ἄκρα·

247 1268 409 1343 reverter,
423 1264 521 1331 tradit
532 1263 691 1330 Diodorus
702 1262 831 1329 Siculus
840 1264 876 1344 ²).
889 1260 1167 1350 Carthaginienses
1179 1268 1265 1328 trans
1276 1261 1440 1350 Halycum

248 1371 388 1438 fluvium
411 1369 631 1459 reppulerunt.

294 1479 371 1546 Inde
405 1479 444 1545 ab
478 1499 560 1544 anno
590 1499 653 1563 quo
684 1498 703 1542 a
732 1475 885 1543 Romanis
916 1483 1010 1562 cepta
1040 1481 1087 1541 est
1119 1497 1219 1561 usque
1249 1477 1289 1541 ad
1320 1496 1438 1541 annum

250 1586 354 1653 255...
377 1607 404 1651 a.
430 1584 488 1653 Ch.
512 1608 544 1649 n.
567 1585 644 1651 urbs
666 1583 883 1650 Romanorum
908 1586 1044 1670 imperio
1067 1584 1209 1650 subiecta
1231 1591 1308 1649 erat.

294 1693 365 1759 Hoc
388 1694 472 1758 enim
497 1713 589 1770 anno,
609 1697 682 1776 post
701 1689 824 1756 cladem
843 1711 941 1776 quam
962 1689 1107 1776 Regulus
1128 1693 1248 1776 accepit
1267 1697 1300 1755 et
1318 1690 1442 1755 naufra-

249 1801 343 1886 gium
365 1798 449 1885 quod
472 1798 548 1863 fecit
569 1796 678 1863 classis
697 1796 851 1873 Romane,
871 1796 1021 1864 Carthalo
1040 1794 1356 1883 Carthaginiensium
1375 1797 1440 1862 dux

248 1908 467 1994 Agrigentum
508 1925 620 1969 rursus
653 1904 816 1970 obsidione
855 1903 973 1969 clausit
1008 1911 1041 1969 et
1074 1908 1283 1991 expugnavit.
1318 1905 1438 1972 Urbem

248 2013 390 2079 incendit
409 2019 441 2078 et
461 2014 585 2078 moenia
605 2011 763 2077 destruxit
772 2012 807 2091 ³).
828 2010 997 2097 Ingentem
1017 2009 1169 2078 Carthalo
1188 2011 1287 2076 edidit
1302 2013 1441 2092 caedem,

248 2123 343 2206 pauci
383 2125 511 2184 tantum
548 2120 583 2183 iu
618 2115 778 2203 templum
812 2116 898 2183 Iovis
932 2118 1154 2205 perfugerant,
1185 2140 1320 2204 quorum
1356 2123 1444 2187 vitae

250 2233 459 2314 pepercerunt
483 2223 773 2311 Carthaginienses.
796 2223 917 2290 Urbem
940 2230 1048 2290 tamen
1072 2247 1135 2291 non
1159 2228 1307 2292 omnibus
1327 2228 1444 2312 quibus

250 2333 432 2400 abundabat
465 2332 578 2418 opibus
611 2333 753 2417 privasse
784 2330 914 2397 videtur
946 2329 1107 2409 Carthalo,
1138 2354 1213 2397 nam
1244 2332 1342 2419 paulo
1373 2341 1445 2421 post

250 2439 419 2507 Gallorum
438 2439 578 2517 turbam,
602 2458 680 2524 quos
703 2438 860 2524 praesidio
886 2436 1167 2525 Carthaginienses
1190 2442 1223 2504 in
1248 2441 1326 2506 urbe
1350 2440 1444 2507 collo·

248 2552 409 2624 caverant,
425 2547 641 2633 Agrigentum
659 2544 763 2610 denuo
779 2544 951 2630 diripuisse
966 2544 1107 2632 legimus
1123 2546 1206 2632 apud
1222 2545 1397 2634 Polybium
1406 2554 1443 2628 ⁴).

295 2653 377 2719 Pace
399 2674 481 2718 anno
504 2648 587 2717 241ο
609 2673 638 2717 a.
662 2648 737 2719 Chr.
761 2674 792 2716 n.
817 2651 901 2716 facta
924 2653 1144 2739 Agrigentum
1167 2655 1250 2718 sicut
1268 2653 1348 2720 aliae
1367 2654 1445 2721 Sici·

248 2761 311 2828 liae
328 2761 423 2826 urbes
441 2758 657 2825 Romanorum
676 2759 819 2824 subiecta
837 2763 904 2824 erat
924 2762 1086 2844 potestati.
1107 2760 1170 2824 Per
1188 2767 1253 2825 tres
1271 2767 1304 2826 et
1324 2763 1443 2848 viginti

250 2889 347 2934 annos
376 2869 433 2952 qui
463 2873 641 2952 sequuntur
669 2864 749 2931 latet
777 2866 866 2930 urbis
892 2865 1035 2932 historia.
1055 2864 1144 2931 Bello
1163 2866 1285 2933 Punico
1305 2867 1441 2934 secundo

249 2976 325 3041 urbs
352 2973 449 3039 tidem
472 2994 549 3059 erga
571 2972 731 3038 Romanos
754 2975 896 3038 servavit
918 2979 961 3056 et,
985 2979 1068 3038 teste
1090 2972 1170 3040 Silio
1193 2973 1338 3056 ltalio⁵),
1362 2975 1442 3041 duce

250 3080 397 3167 Grospho
420 3082 543 3166 equitas
567 3079 688 3145 auxilio
710 3081 751 3144 iis
775 3082 876 3144 misit.
901 3080 994 3146 Anno
1017 3086 1128 3146 autem
1151 3078 1235 3145 214⁰
1257 3103 1286 3146 a.
1312 3079 1387 3149 Chr.
1411 3104 1442 3146 n.

250 3188 404 3264 Himilco,
426 3189 553 3274 ingenti
572 3189 714 3252 exercitu
734 3186 773 3252 ad
793 3186 981 3253 Heracleam
999 3187 1144 3254 Minoam
1164 3190 1318 3274 exposito,
1340 3191 1445 3266 „intra

249 3316 365 3381 paucos
395 3294 469 3360 inde
495 3294 562 3360 dies
584 3296 804 3381 Agrigentum
827 3293 968 3380 recepit”
982 3294 1019 3374 ⁸),
1043 3316 1106 3380 quo
1129 3295 1247 3361 frustra
1270 3294 1445 3362 Marcellus

286 3537 309 3597 1)
327 3534 413 3599 Polyb.
435 3533 456 3594 Ι,
479 3535 518 3592 la,
541 3532 557 3582 i.
582 3533 599 3583 i.
624 3532 696 3582 Diod.
722 3532 769 3581 Sic.
795 3531 887 3590 XXIII,
914 3534 938 3581 9.
963 3532 1099 3582 Secundum
1127 3534 1259 3583 Diodorum
1285 3550 1326 3583 sex
1352 3550 1446 3584 meuses

249 3618 353 3668 Romani
375 3617 533 3681 Agrigentum
556 3615 708 3672 obsederunt,
732 3615 863 3664 secundum
889 3614 1019 3680 Polybium
1041 3623 1142 3681 septem,
1162 3618 1193 3666 ei.
1210 3617 1231 3676 1,
1251 3617 1288 3665 18.
1307 3615 1382 3666 πέντε
1400 3616 1446 3677 μὶν

250 3696 290 3750 οὖν
308 3698 371 3755 'leem
391 3702 470 3760 uticae
488 3695 531 3747 iet
547 3703 596 3746 τῶν
614 3695 697 3746 etrus
715 3694 831 3758 διέμενον,
849 3697 869 3755 Ι,
889 3697 933 3746 19:
951 3696 994 3746 καὶ
1010 3695 1053 3746 δύο
1071 3697 1115 3758 μὶν
1134 3700 1214 3758 μῆνας
1230 3696 1316 3758 ’έμενον
1333 3695 1377 3748 iet
1394 3702 1445 3747 rtis

249 3780 419 3842 ὑποκειμένων.
442 3767 484 3830 uf.
497 3780 592 3829 Sieiert.
616 3797 639 3829 o.
656 3779 674 3830 l.
692 3794 715 3843 p.
734 3779 780 3828 84:
804 3779 835 3827 So
857 3778 898 3827 fiet
921 3779 1032 3842 Akragas
1055 3780 1117 3829 nach
1134 3781 1183 3829 fest
1199 3780 1444 3830 eiebenmonatlicber

251 3865 401 3930 Belageruug
422 3879 452 3912 ro
475 3863 543 3912 Bnde
565 3863 608 3912 dee
630 3861 718 3911 Jehree
741 3861 798 3910 2112.
819 3861 900 3922 (Diod.
918 3861 966 3910 Sic.
983 3862 1052 3921 xm,
1070 3864 1084 3911 9
1102 3862 1146 3912 bat
1161 3863 1190 3928 ἓξ
1208 3865 1298 3922 μῆνας
1316 3864 1379 3913 neoh
1397 3864 1440 3913 der

247 3948 406 4012 Berechnung
431 3946 473 3995 der
498 3945 614 4011 Polybiou
639 3945 695 3994 sind
718 3960 743 3993 ee
766 3944 861 4003 sichem
885 3960 931 3993 von
954 3945 1014 3994 Juni
1035 3943 1210 4009 (ἀκμαζούσης
1232 3948 1279 4001 rte
1301 3949 1348 3994 τοῦ
1365 3946 1440 3994 σίτου

248 4028 405 4093 σννηγῶγης)
428 4029 466 4079 bis
486 4028 615 4078 December
631 4026 733 4091 (dmm
750 4024 791 4075 dale
808 4026 852 4075 τὸν
870 4031 986 4089 χειμῶνα
1002 4026 1180 4092 ἆνεχύρησαν).
1197 4027 1283 4093 Polyb.
1300 4029 1321 4088 L
1341 4027 1380 4088 lt,
1402 4029 1439 4079 19.

280 4113 307 4173 2)
327 4113 397 4162 Diod.
414 4111 460 4162 Sic.
479 4110 571 4169 xxm,
589 4110 612 4160 9.

282 4197 306 4258 8)
326 4195 394 4245 Diod.
412 4195 460 4244 Sic.
477 4193 570 4254 mil,
589 4193 629 4242 18.

280 4279 308 4339 4)
325 4277 411 4343 Polyb.
434 4277 469 4334 ΙΙ,
492 4275 516 4329 l.
540 4276 595 4342 Quo
613 4292 676 4325 enno
693 4275 758 4324 lacte
777 4274 827 4324 sint
843 4289 906 4339 quae
924 4281 1009 4325 narrat
1025 4274 1144 4340 Polybius
1161 4275 1182 4334 I,
1198 4276 1238 4334 48,
1256 4274 1376 4325 incertum
1394 4283 1438 4326 eet.

245 4361 336 4411 Scribit
356 4360 473 4426 Polybius
496 4359 514 4410 l.
529 4359 560 4411 l.r
577 4358 590 4407 d
607 4355 630 4407 δ’
640 4357 747 4421 Ἀχαιὸς
770 4355 886 4423 Ἀλέξων,
910 4356 924 4404 δ
946 4356 989 4406 καὶ
1006 4360 1059 4413 τοῖς
1076 4358 1279 4420 Ἀκραγαντίνοις
1294 4359 1362 4407 κατὰ
1379 4359 1439 4416 τοὺς

246 4439 328 4493 ἱκάνω
344 4444 449 4507 χρόνους
465 4440 549 4501 dlrroc
564 4443 695 4506 γενόμηος
712 4442 758 4497 τῆς
776 4439 906 4500 σωτηρίας,
924 4440 978 4489 καθ’
993 4439 1019 4489 tv
1034 4445 1115 4503 acereta
1130 4438 1284 4502 ἱπεβάλοντο
1300 4457 1442 4503 arapmcr·

245 4524 294 4576 δεῖν
310 4523 404 4579 alredo
421 4525 448 4575 ct
461 4529 510 4574 rav
527 4523 679 4587 Συρακοσίαν
693 4521 843 4586 μισθοφόροι,
860 4521 903 4571 καὶ
916 4524 978 4574 τότε
993 4524 1046 4575 ντὶ.
1061 4525 1204 4590 Scbubring.
1219 4541 1241 4575 o.
1256 4524 1275 4575 l.
1290 4541 1315 4590 p.
1330 4522 1437 4576 ‘tt-io.

279 4611 303 4670 b)
320 4608 365 4660 Sil.
382 4608 440 4658 Ital.
459 4607 523 4667 m,
543 4609 600 4658 an.

280 4691 307 4756 b)
325 4690 379 4740 Isia.
396 4690 484 4749 xxw,
502 4692 542 4740 85.
