3734 5767
784 748 827 816 79

212 933 414 1010 Heracleam,
431 933 503 998 dein
521 932 605 1019 quod
622 932 817 1018 praefectum
834 954 930 998 suum
949 934 988 998 ab
1008 933 1259 999 obtrectantibus
1272 932 1405 1000 ducibus

211 1040 332 1128 gloriae
367 1043 436 1106 eius
469 1041 529 1105 sub
564 1042 669 1125 ipsam
704 1042 888 1105 certaminis
922 1040 1008 1105 diem
1043 1039 1229 1125 ablegatum
1266 1041 1406 1118 videant,

213 1151 376 1233 quieturos
402 1150 436 1211 in
456 1168 576 1234 pugna.
597 1144 684 1212 Gens
702 1145 801 1212 fallax
819 1149 968 1232 promissi
987 1144 1084 1211 fidem
1104 1149 1274 1231 praestitit.
1295 1146 1407 1232 Itaque

212 1261 246 1320 et
286 1254 437 1319 Romanis
471 1256 575 1319 crevit
607 1256 734 1318 animus
768 1255 881 1318 nuntio
916 1251 1011 1318 celeri
1047 1273 1103 1337 per
1137 1252 1262 1318 ordines
1296 1256 1408 1331 misso,

212 1361 404 1426 destitutum
433 1360 472 1425 ab
495 1364 602 1445 equite
626 1360 752 1425 hostem
775 1380 854 1436 esse,
877 1380 975 1445 quem
997 1361 1139 1424 maxime
1164 1362 1350 1438 timuerant,
1376 1366 1409 1426 et

212 1470 317 1534 territi
347 1467 464 1544 hostes,
495 1474 720 1553 praeterquam
743 1467 828 1553 quod
851 1470 993 1531 maxima
1015 1474 1106 1551 parte
1130 1468 1251 1531 virium
1275 1487 1405 1532 suarum

214 1597 275 1641 non
298 1575 501 1651 invehantur,
526 1578 642 1640 timore
665 1577 763 1640 etiam
786 1578 926 1650 incusso,
950 1593 990 1638 ne
1013 1574 1052 1637 ab
1072 1579 1198 1638 suomet
1216 1576 1280 1659 ipsi
1301 1577 1407 1659 equite

213 1688 483 1768 appugnarentnr.
506 1681 618 1767 Itaque
641 1680 727 1746 haud
747 1683 859 1767 magni
881 1681 1064 1745 certaminis
1085 1680 1149 1745 fuit
1168 1679 1407 1764 <proelium>;

212 1791 337 1874 primus
367 1787 488 1853 clamor
518 1794 614 1873 atque
644 1789 786 1872 impetus
815 1808 884 1851 rem
914 1785 1066 1851 decrevit.
1091 1785 1251 1851 Numidae
1274 1788 1405 1850 cumin

214 1916 368 1961 concursu
403 1896 506 1980 quieti
538 1896 700 1959 stetissent
734 1897 768 1958 in
803 1893 962 1970 cornibus,
998 1899 1036 1957 ut
1070 1898 1162 1979 terga
1192 1892 1303 1957 dantes
1334 1913 1407 1957 suos

214 2002 376 2079 viderunt,
399 2001 496 2087 fugae
514 2007 643 2065 tantum
662 2021 835 2087 parumper
852 2001 985 2066 comites
1005 2000 1092 2076 facti,
1111 2005 1280 2084 postquam
1299 2020 1409 2064 omnes

216 2109 435 2196 Agrigentum
465 2107 590 2192 trepido
619 2110 750 2194 agmine
773 2114 918 2193 petentes
942 2106 1103 2182 viderunt,
1128 2109 1192 2191 ipsi
1214 2111 1305 2171 metu
1330 2107 1411 2171 obsi·

215 2217 319 2282 dionis
336 2218 456 2301 passim
474 2216 508 2278 in
528 2216 668 2279 civitatis
688 2216 849 2300 proximas
866 2212 996 2298 dilapsi.
1010 2212 1119 2278 Multa
1134 2212 1226 2278 milia
1240 2213 1410 2278 hominum

216 2345 315 2399 caesa,
348 2329 441 2409 capta
473 2329 559 2395 <sex
586 2320 710 2391 milia>
742 2328 775 2386 et
805 2326 876 2387 octo
908 2319 1081 2406 elephanti.
1113 2319 1202 2384 Haec
1232 2318 1348 2384 ultima
1375 2322 1410 2383 in

216 2429 327 2497 Sicilia
350 2427 496 2495 Marcelli
520 2448 631 2515 pugna
653 2427 726 2492 fuit.
750 2426 861 2493 Victor
884 2426 959 2491 inde
982 2426 1156 2513 Syracusas
1180 2426 1308 2491 rediit’'.

262 2538 324 2603 Per
353 2537 450 2601 breve
481 2541 608 2600 tantum
637 2537 790 2620 temporis
814 2536 958 2620 spatium
982 2536 1201 2620 Agrigentum
1224 2535 1257 2596 in
1281 2529 1412 2598 Cartha·

216 2646 414 2732 giniensium
433 2647 589 2727 potestate
608 2643 767 2719 manebat,
789 2662 863 2706 nam
883 2662 965 2706 anno
983 2643 1048 2705 iam
1069 2645 1183 2725 quarto
1202 2644 1274 2724 post
1293 2637 1413 2704 Himil-

216 2754 304 2817 conis
329 2750 503 2815 adrentum
536 2748 696 2814 Laevinus
727 2747 838 2813 consul
869 2751 975 2833 copias
1007 2748 1226 2834 Agrigentum
1258 2744 1351 2810 duxit
1378 2751 1411 2810 et

216 2858 330 2922 urbem
360 2854 502 2921 obsidere
525 2858 641 2942 coepit.
665 2854 825 2920 Muttines
848 2862 968 2937 autem,
993 2860 1030 2919 ut
1053 2859 1160 2918 narrat
1183 2852 1307 2930 Livius,
1333 2873 1411 2938 „per

216 2969 320 3030 totam
338 2962 481 3028 Siciliam
501 2982 605 3047 vagus
624 2963 755 3047 praedas
775 2962 890 3047 agebat
909 2983 947 3026 ex
964 2964 1059 3027 sociis
1074 2960 1292 3025 Romanorum
1307 2978 1409 3044 neque

217 3068 389 3136 intercludi
420 3070 458 3134 ab
490 3069 670 3154 Agrigento
702 3070 736 3133 vi
760 3073 816 3133 aut
848 3072 915 3133 arte
945 3068 1012 3133 ulla
1034 3088 1102 3144 nec,
1126 3070 1203 3151 quin
1228 3073 1410 3150 erumperet

218 3178 273 3242 ubi
306 3176 416 3253 vellet,
452 3175 617 3261 proheberi
651 3176 796 3260 poterat”
821 3174 855 3255 ¹),
887 3196 951 3260 quo
981 3174 1103 3240 fact-um
1136 3178 1184 3238 est
1215 3180 1262 3250 ut,
1294 3172 1410 3236 Hanno

218 3304 412 3370 quamquam
432 3288 499 3347 erat
517 3279 835 3367 Carthaginiensium
857 3283 1043 3366 imperator,
1068 3302 1196 3345 omnem
1218 3282 1252 3344 in
1267 3279 1412 3345 Muttine

217 3390 430 3476 Numidisque
458 3409 548 3474 spem
580 3391 755 3473 repositam
786 3388 949 3454 haberent.
982 3387 1091 3465 „Haec
1121 3386 1273 3451 Muttinis
1296 3384 1410 3471 gloria,

217 3497 315 3577 (idem
346 3509 395 3561 est
425 3498 482 3581 qui
513 3501 621 3561 narrat
652 3497 778 3578 auctor)
793 3493 818 3581 ²)
852 3497 927 3581 quia
957 3497 1022 3559 iam
1053 3497 1257 3580 imperatoris
1286 3512 1412 3578 quoqne

217 3604 302 3669 fama
331 3602 497 3679 officiebat,
520 3609 681 3690 postremo
704 3604 739 3667 in
760 3601 916 3667 invidiam
941 3604 1051 3679 vertit,
1075 3608 1114 3666 ut
1136 3621 1176 3666 ne
1200 3601 1278 3665 bene
1301 3605 1412 3686 gestae

216 3710 345 3795 quidem
378 3730 427 3774 res
456 3711 524 3774 iam
555 3709 706 3775 Hannoni
728 3715 859 3795 propter
882 3713 1047 3772 auctorem
1071 3710 1148 3772 satis
1171 3705 1273 3772 laetae
1297 3710 1410 3771 essent.

217 3817 382 3882 Postremo
412 3815 645 3902 praefecturam
675 3818 744 3881 eius
770 3814 917 3880 filiosuo
941 3814 1039 3892 dedit,
1062 3819 1151 3879 ratus
1173 3834 1246 3879 cum
1269 3814 1407 3897 imperio

218 3926 440 3988 auctoritatem
472 3943 598 4008 quoque
630 3924 660 3988 ei
692 3925 776 3987 inter
799 3921 958 3988 Numidas
981 3928 1178 4007 erepturum,
1202 3919 1286 4007 quod
1308 3920 1406 4005 longe

217 4028 312 4094 aliter
340 4032 461 4095 evenit:
494 4050 568 4095 nam
599 4034 741 4095 veterem
772 4028 917 4094 favorem
949 4030 1017 4093 eius
1049 4048 1108 4093 sua
1132 4030 1262 4112 insuper
1284 4026 1408 4092 invidia

217 4138 318 4213 aurit,
351 4155 454 4221 neque
487 4134 543 4200 ille
578 4136 805 4223 indignitatem
840 4138 977 4200 iniuriae
1007 4134 1086 4199 tulit
1108 4133 1339 4219 confestimque
1368 4133 1406 4198 ad

217 4242 396 4307 Laevirmm
427 4241 568 4308 occultos
599 4247 728 4308 nuntios
758 4245 849 4308 misit
881 4241 918 4307 de
949 4241 1101 4307 tradendo
1133 4242 1322 4327 Agrigento.
1346 4240 1409 4305 Per

216 4371 296 4436 quos
336 4354 374 4414 ut
414 4355 463 4415 est
504 4350 587 4416 facta
617 4349 694 4416 fides
724 4351 981 4435 compositusque
1011 4351 1058 4414 rei
1092 4348 1247 4436 gerendae
1282 4346 1405 4426 modus,

253 4602 277 4663 1)
293 4601 346 4651 ao.
364 4602 452 4662 xxm,
467 4602 507 4653 40.

252 4683 277 4744 a)
294 4682 348 4733 ns.
365 4683 452 4744 xxvr,
471 4685 511 4735 to.
