3734 5767
1026 716 1070 784 82

448 922 488 966 ru
516 902 625 967 eiehen
653 901 719 967 und
743 900 892 989 obgleioh
914 921 947 966 es
971 900 1092 966 sohvver
1115 922 1155 966 zu
1177 900 1302 967 denlren
1323 903 1378 980 ist,
1402 901 1473 967 dass
1496 902 1549 968 ffir
1571 905 1642 969 eine

448 1006 682 1095 Verpflanuung
714 1010 838 1094 einiger
868 1005 1028 1072 Familien
1066 1027 1123 1073 aue
1154 1008 1271 1073 andern
1302 1007 1483 1073 sioilisohen
1509 1007 1643 1075 Stidten

447 1114 529 1180 naoh
546 1116 706 1201 Agrigent
726 1117 777 1180 ein
794 1114 931 1179 Senatus
947 1112 1132 1179 consultum
1148 1114 1214 1179 und
1231 1117 1303 1180 eine
1314 1113 1366 1180 lex
1378 1114 1494 1201 nothig
1506 1116 1644 1181 varen''.

448 1218 558 1287 Oioero
605 1229 714 1286 eutem
757 1242 832 1286 oum
878 1221 1096 1306 Agrigentum
1138 1223 1222 1286 inter
1264 1224 1411 1288 civitates
1453 1222 1644 1288 deoumanas

447 1331 591 1393 nominet
606 1328 641 1409 ¹),
673 1348 759 1406 „vves
789 1329 852 1392 mit
883 1329 972 1392 einer
1000 1326 1222 1394 hateinisohen
1247 1326 1378 1395 Oolonie
1400 1327 1642 1417 unvertriglioh

445 1436 521 1513 ist”,
553 1443 585 1501 et
616 1456 717 1501 novos
747 1434 875 1501 oolonos
905 1455 980 1500 oum
1011 1436 1175 1501 veteribus
1207 1437 1433 1523 Agrigentinis
1462 1438 1497 1501 in
1528 1442 1641 1502 senatu

446 1542 543 1607 fuisse
563 1562 601 1607 ex
625 1542 695 1608 looo
718 1539 924 1608 Ciceroniano
947 1548 1099 1627 appareat
1124 1562 1209 1617 „vves
1232 1542 1421 1629 unmiglioh
1444 1548 1528 1608 vviire
1548 1564 1639 1609 vvenn

446 1648 497 1714 die
530 1653 623 1715 einen
653 1649 792 1726 hatiner,
824 1648 875 1714 die
912 1648 1030 1714 andern
1065 1647 1223 1715 Grieohon
1255 1651 1392 1729 waren'’,
1430 1649 1638 1716 Mommsenii

446 1759 553 1841 opinio
576 1759 653 1842 quin
677 1755 757 1821 false
779 1758 823 1819 sit
845 1775 906 1820 non
930 1754 1059 1820 dubitat
1081 1754 1325 1841 Sobobringiue.
1347 1756 1515 1823 Praeterea
1533 1778 1550 1822 e
1570 1754 1637 1824 Cio.

445 1863 531 1928 Verr.
566 1862 606 1938 ΙΙ,
645 1861 708 1927 125
744 1869 873 1948 apparet
906 1861 943 1927 P.
972 1860 1142 1947 Rupilium
1177 1883 1275 1928 novos
1309 1862 1435 1928 eolonos
1469 1863 1637 1929 deduxisse

446 1968 635 2034 Heracleam
664 1967 849 2055 similesque
876 1967 966 2054 leges
990 1968 1028 2033 de
1051 1968 1228 2054 oooptando
1251 1976 1365 2034 senatu
1388 1975 1421 2034 et
1443 1970 1482 2035 de
1504 1991 1637 2036 numero

445 2082 592 2142 veterum
624 2097 660 2141 ao
689 2096 847 2140 novorum
882 2080 1067 2140 senatorum
1099 2074 1232 2140 dedisse.
1265 2074 1452 2142 Heracleam
1482 2076 1638 2143 coloniam

446 2181 594 2248 Latinam
637 2202 815 2267 numquam
854 2180 954 2245 fuisse
989 2185 1122 2259 constat,
1157 2201 1254 2267 quare
1288 2185 1387 2248 etiam
1421 2185 1638 2269 Agrigentum

445 2288 604 2354 ooloniam
644 2288 793 2353 Latinam
833 2308 896 2352 uon
938 2287 1037 2352 fuisso
1076 2285 1311 2375 Sohubringius
1349 2310 1539 2374 persuasum
1577 2289 1637 2356 sibi

446 2395 541 2460 habet
555 2394 590 2473 ²).

491 2504 707 2587 Agrigentum
722 2500 940 2566 Romanorum
955 2501 1092 2584 imperio
1106 2500 1286 2566 subieotum
1304 2502 1380 2566 urbs
1395 2506 1464 2566 erat
1478 2501 1635 2588 aliquanti

444 2611 611 2674 momenti.
642 2604 826 2674 Conventus
855 2609 888 2671 in
915 2607 994 2672 urbe
1016 2607 1193 2692 agebantur
1207 2605 1240 2690 ³),
1265 2607 1364 2673 multi
1387 2611 1474 2675 cives
1497 2609 1634 2676 Romani

444 2716 725 2792 „coniunctissimo
748 2713 877 2780 animo’'
902 2734 977 2778 oum
993 2715 1072 2798 ipsis
1091 2714 1314 2801 Agrigentinis
1332 2718 1366 2779 in
1386 2717 1464 2781 urbe
1483 2718 1634 2782 vivebant

442 2831 474 2888 et
501 2823 748 2909 negotiabantur
761 2824 797 2906 ⁴),
810 2822 909 2909 'ouius
933 2824 1150 2906 eremperto,
1174 2820 1259 2907 quod
1283 2829 1463 2887 memorant
1484 2822 1599 2905 Strabo
1608 2830 1635 2903 ⁶)

442 2936 474 2994 et
504 2928 707 2993 Ptolemaeus
717 2932 755 3008 ο),
786 2927 897 3013 fruges
925 2945 1005 3010 ques
1031 2924 1221 2991 fertilissimi
1251 2928 1541 3014 Agrigentinorum
1565 2932 1637 3014 agri

441 3034 612 3101 efferebant
652 3033 909 3119 experiebantur.
953 3031 1163 3118 Agricultura
1204 3035 1291 3098 enim
1330 3033 1434 3100 denuo
1467 3034 1576 3101 floruit
1595 3035 1633 3112 't

441 3142 640 3207 frumentum
659 3139 940 3225 Centuripinorum
959 3145 991 3203 et
1010 3139 1297 3225 Agrigentinorum
1312 3139 1423 3207 Verres
1439 3142 1588 3227 probavit
1595 3147 1633 3225 ⁸),

441 3248 552 3315 Oioero
578 3250 804 3335 Agrigentinos
826 3244 1091 3330 diligentissimos
1114 3244 1253 3331 appellat
1276 3248 1463 3328 aratores³).
1484 3246 1520 3312 In
1540 3269 1632 3312 num-

441 3357 503 3420 mis
535 3357 591 3440 qui
621 3356 758 3439 tempori
789 3373 852 3438 quo
884 3351 1105 3418 Romanorum
1132 3351 1268 3437 imperio
1302 3360 1370 3417 erat
1401 3354 1532 3419 subaete
1556 3355 1633 3420 urbs

440 3458 638 3526 adscribendi
660 3465 745 3536 sunt,
770 3456 885 3523 calami
907 3459 1147 3542 conspiciuntur
1170 3465 1202 3523 et
1224 3465 1366 3524 aratrum
1380 3455 1430 3536 1⁰).

486 3567 593 3653 Usque
617 3566 656 3631 ad
680 3567 822 3651 Augusti
843 3571 981 3629 aetatem
1004 3566 1219 3651 Agrigentum
1239 3568 1274 3628 in
1294 3564 1487 3631 nobiliorum
1506 3565 1630 3633 insulae

440 3674 570 3739 urbium
604 3693 738 3737 numero
774 3675 849 3736 erat.
887 3669 1076 3755 suspicatur
1109 3668 1344 3759 Sohubrinqus
1359 3669 1398 3752 ¹¹)
1423 3671 1515 3750 „dass
1537 3673 1631 3758 Agri·

477 3908 501 3967 l)
517 3904 567 3954 Cio.
585 3902 651 3953 Vere.
668 3901 717 3959 ΙΙΙ,
728 3900 782 3950 108.

475 3989 499 4051 2)
517 3985 659 4049 Sohubring.
675 4001 696 4033 o.
711 3983 728 4032 l.
746 3997 768 4046 p.
789 3979 833 4032 77:
862 3978 941 4028 [leber
957 3976 990 4025 iet
1005 3977 1069 4026 dean
1086 3976 1130 4025 sul
1146 3976 1192 4026 deu
1209 3978 1336 4030 Anedmok
1353 3980 1464 4039 eoeietss,
1480 3979 1526 4029 den
1545 3977 1629 4029 Cioero

439 4070 529 4119 einmal
553 4068 628 4129 (Verr.
645 4067 687 4125 lv,
706 4065 746 4126 93)
769 4063 827 4112 iiber
843 4061 887 4110 <lae
907 4058 1057 4108 Verhiltnies
1074 4059 1192 4108 zwieoben
1211 4059 1337 4125 Agrigenti
1354 4061 1402 4110 und
1419 4061 1482 4110 Rom
1498 4061 1630 4126 gebrauoht

440 4154 509 4202 nicht
525 4152 574 4201 viel
591 4168 621 4199 zu
639 4150 723 4209 geben.

490 4235 515 4296 8)
533 4234 583 4283 cte.
600 4232 667 4281 Verr.
685 4231 719 4289 11,
738 4229 777 4279 68.
994 4224 1020 4283 4)
1036 4221 1087 4272 cte.
1105 4224 1172 4272 Verv.
1190 4223 1232 4283 IV,
1252 4224 1292 4282 98,
1308 4225 1341 4283 11,
1361 4226 1416 4274 lea.

489 4320 513 4380 b)
531 4316 610 4366 Strab.
627 4331 651 4380 p.
669 4313 726 4368 272,
743 4328 759 4376 p
785 4309 842 4359 226.
987 4306 1012 4367 b)
1028 4304 1132 4354 Ptolem.
1150 4322 1229 4370 geogr.
1246 4307 1293 4368 (ed.
1310 4306 1411 4369 Muller)
1426 4307 1448 4366 1,
1465 4323 1488 4372 p.
1497 4307 1554 4367 895,
1571 4308 1629 4357 896.

489 4400 513 4461 7)
531 4400 574 4449 Cio
600 4398 666 4447 Verv.
684 4396 731 4448 Ill.
750 4394 786 4448 18,
805 4391 845 4450 73,
863 4389 903 4441 78.
988 4388 1013 4449 8)
1030 4388 1080 4437 Cio.
1098 4388 1166 4437 Verr.
1183 4390 1230 4445 111.
1249 4389 1304 4439 180.

487 4485 512 4544 9)
529 4482 580 4531 (lio.
598 4480 665 4530 Vere.
683 4479 730 4535 ΠΙ,
751 4476 805 4525 103,
975 4472 1018 4535 10)
1035 4470 1177 4535 Sohubring.
1196 4489 1218 4520 o.
1235 4471 1252 4521 l.
1270 4488 1293 4537 p.
1314 4472 1353 4523 78.

471 4566 512 4626 11)
529 4564 672 4626 Sobobring.
690 4580 711 4610 o.
721 4561 738 4610 1.
755 4557 829 4624 pil.
848 4593 854 4605 .
872 4592 878 4604 .
895 4553 1041 4618 gleiohvvobl
1058 4553 1091 4601 ist
1107 4570 1185 4617 noegeu
1195 4555 1267 4617 jeser
1284 4554 1370 4604 Meiere
1387 4555 1553 4605 anaunehmen
1570 4555 1627 4605 dese

434 4647 594 4711 Agrigentum
609 4645 698 4695 &emal
714 4641 837 4692 betinisob
854 4636 981 4687 eolonieirt
997 4636 1094 4685 worden
1111 4635 1169 4686 iet'’.
