3734 5767
999 730 1042 798 76

421 916 566 982 Siciliam
596 919 753 983 miserunt
780 922 813 981 et
835 915 1037 992 Hannonem,
1061 914 1201 980 alterum
1224 914 1388 981 ininsula
1415 915 1529 983 ducem
1551 920 1615 982 ius·

421 1031 530 1089 serunt
565 1044 662 1109 quam
696 1022 861 1089 celerrime
895 1020 1070 1088 Hannibali
1105 1021 1263 1087 auxilium
1297 1022 1379 1088 farra
1393 1024 1428 1102 ¹).
1464 1023 1614 1090 Hannoni

421 1130 548 1197 fortuna
572 1130 669 1207 favit3
698 1130 891 1196 Herbessum
915 1132 1002 1195 enim
1026 1127 1097 1195 dolo
1121 1132 1216 1216 cepit,
1240 1149 1303 1215 qua
1325 1129 1404 1194 urbe
1427 1138 1520 1215 capta
1537 1152 1613 1196 mox

421 1236 581 1303 Romanos
604 1237 703 1303 fames
723 1258 867 1325 premere
886 1239 1002 1322 coepit.
1023 1235 1211 1301 Pestilentia
1230 1239 1361 1323 insuper
1380 1257 1491 1303 eorum
1511 1250 1613 1303 castra

419 1343 588 1409 invadente
619 1343 781 1409 nonnullis
810 1350 971 1431 praestare
999 1341 1170 1409 videbatur
1203 1342 1399 1408 obsidionem
1423 1343 1612 1430 relinquere,

422 1449 506 1535 quod
541 1454 649 1515 tamen
685 1471 723 1515 ne
757 1449 846 1516 fieret
876 1449 1043 1535 prohibuit
1080 1447 1179 1514 Hiero
1214 1448 1413 1516 frumentum
1444 1449 1613 1540 Syracusis

424 1557 640 1643 Agrigentum
664 1555 947 1642 transportandum
970 1575 1084 1621 curans
1096 1561 1133 1635 ²).

468 1662 546 1728 Post
580 1663 778 1729 Herbessum
811 1670 938 1748 captam
973 1662 1140 1728 Hannonis
1172 1663 1264 1727 iussu
1295 1665 1418 1748 equites
1448 1662 1614 1729 Numidici

422 1770 639 1835 Romanorum
682 1777 786 1835 castra
827 1790 908 1856 quae
949 1770 988 1834 ab
1027 1769 1106 1834 urbe
1141 1756 1341 1835 'occidentem
1376 1791 1488 1836 versus
1524 1776 1614 1837 erant

421 1879 567 1963 aggressi
600 1876 743 1942 hostium
777 1879 901 1963 equites
936 1875 975 1941 ad
1009 1895 1153 1962 pugnarn
1182 1874 1409 1942 lacessiverant
1437 1877 1612 1964 fugamque

421 1982 611 2048 simulantes
640 1986 673 2047 in
703 1982 836 2048 insidias
868 2003 947 2067 quas
976 1984 1016 2047 iis
1051 1980 1261 2048 collocaverat
1284 1980 1399 2048 Hanno
1421 1983 1613 2050 induxerant

422 2088 606 2175 multosque
629 2089 818 2170 occiderant,
843 2109 905 2173 qua
926 2087 1014 2154 clade
1035 2086 1187 2153 Romanis
1205 2088 1298 2154 illata
1316 2088 1432 2155 Hanno
1450 2093 1484 2155 in
1504 2095 1613 2156 monte

422 2194 503 2262 Torc
533 2196 759 2276 (Monserrato)
781 2200 885 2260 castra
908 2200 1068 2280 posuerat.
1093 2194 1154 2260 His
1176 2198 1210 2259 in
1233 2197 1344 2260 castris
1366 2216 1422 2282 per
1445 2196 1525 2262 duos
1548 2196 1613 2263 iere

423 2323 547 2367 menses
582 2323 666 2368 reses
700 2309 828 2388 tempus
863 2304 991 2366 trivisse
1021 2299 1149 2366 videtur
1161 2299 1197 2383 Ι).
1228 2301 1327 2367 Fame
1356 2305 1477 2369 interea
1506 2305 1612 2391 magis

424 2412 592 2496 magisque
631 2409 773 2475 obsessos
816 2413 981 2495 premente
1022 2406 1198 2494 multisque
1237 2408 1277 2473 ad
1311 2409 1418 2475 hostes
1452 2417 1614 2476 transeun-

423 2516 560 2594 tibns⁴),
595 2515 709 2581 Hanno
744 2536 801 2601 per
828 2513 954 2602 legatos
983 2521 1017 2580 et
1049 2536 1106 2600 per
1138 2517 1232 2602 ignes
1264 2519 1298 2580 in
1334 2537 1404 2582 arce
1438 2516 1540 2583 editos
1574 2516 1612 2582 de

425 2624 584 2709 angustiis
614 2625 648 2687 in
678 2623 794 2708 quibus
817 2622 892 2687 urbs
916 2628 1099 2688 versaretur
1121 2625 1237 2687 certior
1259 2623 1374 2700 factus,
1398 2624 1511 2690 urbem
1534 2624 1613 2689 obsi-

424 2729 516 2795 dione
532 2728 666 2796 liberare
685 2727 813 2795 tandem
833 2727 1003 2795 consilium
1023 2731 1123 2814 cepit;
1144 2732 1322 2795 exercitum
1340 2733 1449 2816 itaque
1466 2750 1485 2795 e
1502 2733 1614 2796 castris

424 2834 536 2902 eduxit
570 2842 602 2900 et
636 2836 782 2901 hostibus
816 2842 1006 2920 potestatem
1043 2835 1208 2922 pugnandi
1236 2836 1320 2902 fecit.
1351 2838 1396 2902 At
1425 2836 1553 2903 fortuna
1583 2840 1613 2903 ei

422 2943 557 3009 adversa
587 2949 664 3020 erat,
696 2963 770 3008 nam
802 2941 922 3028 proelio
953 2942 1035 3007 facto
1065 2945 1201 3008 victores
1225 2942 1437 3008 discesserunt
1458 2943 1611 3021 Romaui;

421 3047 565 3135 plerique
596 3046 875 3136 Carthaginienses
905 3051 989 3114 caesi
1023 3054 1109 3132 sunt,
1141 3052 1234 3135 pauci
1265 3055 1392 3114 tantum
1423 3048 1612 3116 Heracleam

423 3156 578 3241 fugerunt
589 3157 626 3236 ⁵).

467 3260 544 3327 Post
577 3261 701 3326 cladem
735 3260 885 3326 Hannoni
918 3260 1043 3327 illatam
1075 3261 1235 3327 Hannibal
1263 3283 1338 3327 oum
1368 3262 1493 3328 nullam
1523 3284 1614 3350 spem

422 3366 536 3433 salutis
574 3389 738 3453 superesse
774 3367 971 3455 intelligeret
1010 3368 1117 3435 media
1146 3377 1237 3435 nocte
1268 3391 1343 3435 oum
1375 3368 1615 3458 Carthaginien-

422 3475 511 3540 sibus
541 3480 574 3539 et
599 3477 801 3540 mercenariis
820 3476 935 3540 urbem
958 3473 1099 3560 reliquit.
1123 3475 1258 3542 Romani
1280 3497 1355 3541 cum
1374 3476 1493 3563 gaudio
1515 3480 1615 3543 victo·

424 3584 489 3647 riae
533 3581 611 3647 elati
644 3581 867 3669 neglegentius
902 3581 1033 3668 vigilias
1067 3589 1207 3669 agerent,
1244 3583 1388 3648 hostium
1418 3605 1435 3649 e
1465 3585 1614 3650 manibus

425 3686 552 3773 elapsus
575 3692 672 3767 est‘).

468 3792 579 3858 Prima
605 3793 677 3858 luce
699 3793 834 3860 Romani
855 3814 930 3859 cum
954 3792 1255 3859 animadvertissent
1278 3794 1362 3880 quod
1384 3795 1506 3861 facturn
1530 3802 1613 3862 esset

421 3898 583 3987 paulisper
613 3901 775 3987 fugientes
798 3902 906 3966 hostes
930 3902 1068 3965 insecuti
1091 3901 1307 3987 Agrigentum
1331 3901 1422 3966 nullo
1446 3904 1612 3969 resistente

421 4014 665 4093 occupaverunt.
694 4005 814 4073 Urbem
837 4008 1042 4092 diripuerunt
1064 4012 1097 4071 et
1120 4006 1193 4093 plus
1217 4009 1336 4095 viginti
1359 4011 1498 4094 quinque
1520 4010 1613 4076 milia

457 4260 480 4322 l)
498 4259 584 4324 Polyb.
602 4259 623 4319 Ι,
642 4261 681 4310 18.

457 4343 482 4404 Ι)
499 4342 584 4408 Polyb.
603 4342 623 4403 Ι,
639 4344 679 4403 18,
697 4342 740 4393 tf.

456 4426 481 4488 3)
498 4425 584 4491 Polyb.
601 4424 622 4486 1,
640 4425 680 4477 19.

456 4511 480 4571 4)
498 4508 583 4574 Polyb.
602 4510 623 4568 Ι,
642 4510 681 4559 19.

458 4591 485 4652 b)
503 4591 588 4655 Polyb.
605 4591 626 4651 1,
644 4592 684 4641 19.

459 4673 484 4733 6)
499 4673 586 4739 Polyb.
603 4673 623 4732 Ι,
644 4674 684 4722 19.
