3734 5767
1036 729 1077 794 16

463 915 733 1000 promunturium,
769 910 854 995 quod
888 910 1057 976 meridiem
1093 932 1204 976 verene
1238 915 1426 997 porrigitur.
1461 910 1536 976 'I'ria
1558 912 1657 977 habet

462 1022 637 1101 cacumina,
669 1038 807 1102 quorum
840 1015 903 1081 duo
936 1020 1064 1080 nomine
1094 1027 1211 1092 carent,
1242 1021 1377 1082 tertium
1402 1018 1549 1105 ¹‚Poggio
1571 1017 1656 1082 della

463 1125 574 1191 Meta’'
597 1122 787 1209 appellatur.
811 1121 985 1187 Declivitae
1005 1125 1105 1207 partis
1124 1144 1204 1207 quae
1223 1131 1271 1187 eet
1291 1126 1375 1188 inter
1396 1123 1516 1189 vallem
1537 1122 1654 1199 „Sala”

462 1245 496 1298 et
527 1230 645 1295 vallem
673 1227 893 1306 „Temerello”
916 1231 1165 1313 interrumpitur
1188 1230 1312 1294 duobus
1335 1229 1532 1305 monticulis,
1556 1234 1655 1315 quie

462 1338 677 1422 Schuhringio
711 1336 893 1400 iudicantur
927 1336 1110 1399 nominibus
1145 1334 1282 1400 duarum
1311 1335 1468 1401 domuum
1498 1358 1578 1423 quae
1608 1336 1655 1400 ihi

462 1451 539 1509 eunt
557 1451 730 1509 extructae.
751 1439 869 1518 („Gasa
883 1438 1071 1505 Naturella'’
1092 1449 1125 1505 et
1146 1440 1247 1518 „Casa
1265 1441 1473 1527 Filippaao'').
1494 1441 1529 1505 Iu
1549 1441 1654 1506 medie

461 1550 520 1614 hac
550 1557 641 1634 parte
670 1555 719 1612 eet
748 1545 882 1611 ecclesia
913 1545 968 1623 „S.
1001 1546 1162 1610 Niccola''.
1186 1546 1263 1611 Pars
1286 1568 1366 1631 quae
1389 1557 1438 1612 eet
1459 1550 1543 1612 inter
1566 1568 1654 1611 vora

460 1659 570 1742 giuem
601 1661 633 1718 et
661 1651 803 1717 canalem
827 1651 1016 1716 orientalem
1041 1650 1248 1735 (Tamorello)
1272 1652 1405 1717 declivis
1433 1661 1482 1717 eet
1510 1656 1652 1738 primum

461 1761 500 1827 ed
522 1775 628 1847 partes
652 1780 764 1825 versus
787 1779 868 1844 quae
892 1767 1034 1843 spectent
1059 1761 1143 1821 inter
1163 1779 1309 1823 occasum
1328 1759 1403 1824 eolis
1422 1767 1456 1824 et
1472 1760 1652 1834 meridiem,

459 1868 572 1933 deiude
603 1867 643 1932 ad
674 1866 752 1931 solis
776 1887 923 1930 occasum
947 1885 1069 1929 versus.
1094 1865 1132 1929 lu
1155 1875 1278 1950 partem
1302 1865 1402 1942 collis,
1425 1887 1506 1952 quae
1530 1873 1652 1952 spectat

460 1978 543 2040 inter
566 1994 713 2039 occasum
737 1972 814 2037 solis
836 1979 869 2036 et
893 1971 1070 2048 meridiem,
1094 1975 1287 2036 conveniunt
1311 1985 1374 2036 tres
1398 1981 1503 2057 partes
1517 1976 1551 2037 iu
1572 1993 1651 2058 quae

460 2085 564 2146 maior
587 2082 676 2145 urbis
699 2101 771 2165 pers
794 2078 961 2142 dividitur.

506 2185 629 2254 Collem
660 2188 910 2272 Agrigentinum
941 2193 1056 2249 natura
1087 2187 1152 2248 iam
1182 2187 1304 2269 optime
1335 2188 1499 2249 munitum
1535 2182 1649 2250 Graeci

460 2315 552 2359 muro
576 2297 794 2358 muniverunt.
818 2291 925 2356 Huius
945 2294 1031 2355 muri
1049 2295 1207 2357 extructio
1224 2294 1366 2376 primum
1385 2292 1447 2355 fuit
1467 2312 1547 2376 opus
1565 2290 1650 2376 quod

461 2404 538 2467 novi
572 2400 676 2466 coloni
710 2399 832 2465 Sicanis
866 2398 1008 2484 expulsis
1042 2406 1074 2463 et
1108 2397 1178 2463 loco
1208 2409 1360 2483 occupato
1390 2401 1534 2485 aggressi
1564 2403 1648 2461 eunt

461 2506 578 2573 Decem
608 2508 673 2571 fere
706 2508 796 2570 aunis
827 2513 898 2589 poet
929 2506 1042 2569 urbem
1061 2505 1220 2569 conditam
1245 2526 1358 2569 murus
1381 2512 1448 2569 erat
1470 2504 1648 2587 confectus;

458 2613 569 2679 scribit
609 2615 696 2676 euim
732 2608 971 2696 Polyaenue¹):
1008 2614 1165 2686 „deltam
1204 2611 1451 2687 Ἀκραγαντίνων
1484 2612 1527 2673 τὰ
1563 2607 1647 2673 ὅπλα

460 2718 647 2795 παρελέσθαι
668 2717 853 2793 βουλόμενος
874 2720 982 2793 ἀγῶνα
1002 2720 1148 2794 γυμνικὸν
1162 2716 1382 2797 λαμπρότατον
1394 2715 1450 2793 ἔξω
1463 2725 1517 2792 τῆς
1530 2714 1646 2785 πόλεως

457 2827 503 2904 (iu
527 2823 658 2910 planitie
682 2845 762 2909 quae
786 2825 826 2888 ah
845 2824 924 2889 urbe
945 2823 1111 2888 meridiem
1132 2845 1241 2888 verena
1262 2845 1362 2909 usque
1382 2824 1420 2888 ed
1440 2844 1527 2889 mare
1546 2830 1647 2909 petet)

457 2935 593 3007 πονήσειν
612 2932 795 3008 ἐπήγγειλε.
815 2937 873 2994 τῶν
896 2930 927 2994 δὲ
948 2939 1078 2995 πολιτῶν
1099 2931 1243 2995 α’πανταν
1263 2933 1312 2995 ἐπὶ
1334 2934 1387 3005 τὴν
1406 2931 1475 2994 θέαν
1494 2931 1647 3009 προελθόν-

458 3060 515 3103 των
547 3038 621 3106 τὰς
653 3039 787 3106 πύλας
819 3040 989 3106 κλείσας
1021 3036 1185 3114 πραςέταξε
1213 3045 1275 3108 ταῖς
1301 3037 1469 3116 δορυφόροις
1494 3039 1535 3100 τὰ
1560 3033 1643 3101 ὅπλα

457 3152 515 3209 τῶν
536 3146 633 3207 οἰκιῶν
657 3145 793 3219 ἐκφέρειν
816 3143 881 3207 xri.
905 3143 1058 3228 Sequitur
1081 3151 1118 3208 ut
1141 3165 1255 3208 murus
1278 3151 1311 3209 et
1333 3153 1442 3229 portae
1467 3141 1644 3207 Phalaridis

458 3259 561 3316 aetate
588 3252 645 3335 qui
674 3255 723 3328 (ut
750 3251 834 3315 iufra
864 3251 1040 3336 apparebit)
1071 3249 1178 3314 decem
1211 3253 1302 3315 anuis
1332 3259 1405 3338 post
1426 3252 1642 3334 Agrigentum

456 3357 622 3422 conditum
664 3356 833 3443 tyrannide
876 3364 924 3421 est
964 3360 1095 3441 potitus.
1129 3359 1194 3420 iam
1229 3360 1405 3421 extiterint.
1441 3356 1643 3438 Freemanue,

455 3464 632 3528 meandum
650 3484 745 3547 quem
768 3461 947 3527 Phalaridis
966 3469 1069 3526 aetate
1089 3464 1164 3526 urbs
1184 3485 1246 3526 uon
1267 3463 1402 3527 eundem
1423 3484 1518 3548 quem
1534 3472 1643 3548 postea

456 3569 569 3633 hebuit
608 3571 790 3645 circuitum,
831 3576 927 3655 negat
969 3590 1099 3633 murum
1135 3568 1313 3632 Phalaridis
1347 3571 1543 3654 temporibus
1577 3571 1642 3632 iam

438 3679 609 3746 extitisse.
634 3675 720 3755 Quae
744 3684 850 3740 narrat
873 3674 1053 3761 Polyaenus
1076 3674 1126 3752 (V,
1153 3675 1182 3751 1,
1207 3675 1241 3754 2)
1260 3675 1415 3760 appellat:
1439 3697 1518 3753 „oue
1537 3675 1574 3740 of
1589 3674 1642 3739 the

455 3789 583 3849 current
608 3786 720 3847 storias
741 3781 832 3847 fitted
854 3786 889 3846 in
912 3784 991 3846 with
1015 3783 1068 3847 the
1091 3802 1184 3848 name
1207 3782 1244 3847 of
1261 3781 1407 3847 Phalaris
1430 3783 1466 3847 of
1485 3782 1643 3869 Akragas,

454 3889 514 3954 but
545 3889 648 3953 which
680 3888 784 3953 would
816 3888 856 3953 do
884 3887 1013 3975 equally
1037 3887 1110 3952 well
1131 3888 1180 3953 for
1203 3908 1265 3973 any
1289 3888 1380 3953 other
1403 3891 1471 3973 city
1493 3886 1555 3951 and
1578 3908 1641 3973 any

454 3993 546 4060 other
577 3995 707 4080 tyraut''
722 3993 759 4079 9).
792 3992 942 4080 Pugnare
972 3997 1002 4058 ei
1026 3993 1174 4057 videntur
1199 3991 1351 4078 Polyaeni
1373 3993 1471 4057 verba
1494 4014 1568 4058 oum
1590 3995 1641 4070 iis,

455 4121 536 4186 quae
557 4099 641 4165 idem
666 4108 776 4167 auctor
800 4101 909 4165 scribit
932 4099 969 4184 V,
1000 4103 1027 4178 l,
1054 4099 1081 4172 1,
1109 4100 1163 4163 ubi
1187 4108 1293 4164 narrat
1316 4103 1473 4185 quomodo
1498 4099 1642 4164 Phalaris

455 4206 658 4293 tyrannidem
682 4209 724 4271 sit
747 4206 890 4292 adeptus.
914 4205 1018 4270 Verba
1041 4203 1205 4291 Polyaeui,
1229 4226 1309 4290 quae
1333 4204 1486 4291 leguntur
1506 4204 1542 4284 V,
1558 4205 1587 4283 1,
1601 4205 1640 4269 2:

455 4310 648 4378 Freemanue
673 4320 779 4378 censet
800 4311 940 4400 „clearly
960 4314 1166 4377 inconsistent
1184 4311 1263 4376 with
1286 4313 1341 4377 the
1360 4313 1477 4378 former
1491 4311 1640 4397 (etory)''.

487 4575 510 4636 1)
527 4573 642 4638 Polyeeu.
660 4573 691 4634 V,
708 4573 731 4632 1,
748 4573 771 4622 2.

486 4658 510 4720 2)
527 4657 642 4707 Preemeu
660 4674 682 4707 o.
699 4657 717 4706 l.
734 4656 767 4715 II.
785 4672 810 4721 p.
828 4655 867 4705 68.
