3734 5767
1008 740 1051 808 60

427 923 656 1012 Carthaginem
687 923 783 991 rediit
799 925 832 1005 ¹).
865 923 943 991 Inde
974 924 1097 990 abhoc
1121 930 1264 1010 tempore
1287 926 1321 988 in
1344 921 1455 990 Sicilia
1477 930 1525 990 est
1547 946 1621 1011 pro-

427 1035 534 1100 vincia
557 1030 833 1119 Carthaginiensis
856 1033 1065 1113 (ἐπικράτεια)
1092 1043 1114 1112 ).

469 1140 577 1205 Rebus
607 1143 642 1204 in
671 1138 783 1204 Sicilia
814 1160 961 1225 prospere
993 1142 1094 1226 gestis
1125 1137 1202 1203 elati
1233 1137 1513 1225 Carthaginienses
1543 1160 1617 1204 oum

425 1249 526 1312 botius
556 1245 737 1312 affectarent
766 1245 891 1312 insulae
920 1249 1095 1331 imperium
1110 1242 1146 1325 ³),
1178 1265 1240 1311 non
1272 1244 1377 1311 multo
1403 1252 1475 1331 post
1496 1267 1617 1311 norum

425 1361 473 1420 est
497 1358 646 1419 exortum
670 1351 803 1417 bellurn.

474 1459 618 1525 Ducibus
640 1458 822 1524 Hannibale
844 1465 877 1524 et
898 1456 1076 1523 Himilcare
1091 1464 1116 1536 ⁴)
1140 1479 1221 1523 anno
1245 1459 1311 1523 iam
1336 1456 1416 1523 408ο
1440 1478 1468 1523 a.
1490 1456 1565 1525 Chr.
1585 1480 1617 1523 n.

429 1566 506 1633 belli
539 1568 671 1630 initium
704 1564 827 1631 factum
858 1572 915 1630 est.
947 1563 1019 1631 Non
1053 1571 1162 1630 mmen
1192 1567 1304 1630 statim
1332 1565 1460 1630 fortuna
1490 1563 1619 1631 Cartha·

428 1674 627 1761 giniensibus
644 1673 737 1738 savit.
750 1670 970 1758 Quadraginta
982 1671 1021 1736 ab
1033 1670 1214 1736 Hannibale
1225 1673 1473 1758 praemissarum
1485 1673 1618 1737 narium

429 1779 621 1868 Syracusani
651 1777 834 1864 quindecim
866 1777 951 1863 apud
980 1777 1118 1864 Erycem
1150 1778 1391 1843 submerserunt
1399 1798 1407 1854 ;
1432 1783 1554 1842 ceterae
1583 1779 1619 1841 in

428 1886 532 1953 altum
547 1886 712 1972 fugerunt.
730 1884 799 1965 Qua
812 1883 900 1950 clade
917 1886 1064 1949 nuntiata
1082 1883 1255 1962 Hannibal,
1274 1890 1312 1949 ut
1327 1884 1434 1949 hostes
1446 1886 1618 1970 quominus

427 1994 551 2059 fructus
581 1994 734 2057 victoriae
760 1994 959 2076 perciperent
981 1991 1164 2075 prohiberet
1187 1997 1359 2076 tutumque
1383 2012 1440 2056 suo
1463 1993 1618 2056 exercitui

427 2101 599 2166 transitum
630 2104 765 2184 pararet,
797 2100 1031 2183 qninquaginta
1061 2097 1197 2162 navibus
1227 2100 1394 2163 instructis
1425 2096 1618 2183 Carthagine

427 2209 462 2271 in
504 2204 649 2270 Siciliam
693 2206 826 2282 traiecit,
868 2225 930 2289 quo
969 2224 1043 2268 cum
1078 2205 1218 2269 venisset
1250 2203 1425 2269 adventum
1459 2205 1617 2269 exercitus

430 2313 616 2399 expectabat
629 2314 666 2393 5).

474 2418 668 2506 Syracusani
697 2422 787 2482 tanto
820 2413 950 2483 Graecis
977 2415 1104 2482 Siciliae
1126 2416 1240 2482 incolis
1261 2418 1452 2482 imminente
1475 2414 1617 2502 periculo

429 2528 591 2613 perterriti
614 2523 653 2590 ad
675 2523 938 2591 Lacedaemonios
960 2526 1103 2610 itemque
1124 2526 1157 2589 in
1181 2521 1293 2589 Itahae
1317 2529 1350 2588 et
1371 2521 1500 2589 Siciliae
1523 2522 1618 2587 urbes

429 2631 554 2719 legatos
582 2634 750 2708 miserunt,
783 2634 838 2716 qui
867 2630 907 2696 ad
938 2650 1107 2696 commune
1136 2651 1194 2716 pro
1218 2628 1412 2697 Graecorum
1434 2628 1617 2694 libertatem

430 2737 668 2824 suscipiendum
698 2742 859 2802 certamen
889 2738 1037 2802 civitates
1059 2736 1315 2802 exhortarentur.
1339 2737 1556 2823 Agrigentini,
1581 2740 1618 2798 nt

431 2849 486 2931 qui
498 2844 813 2932 Carthaginiensium
825 2845 1007 2929 provinciae
1017 2848 1123 2909 essent
1134 2843 1275 2921 finitimi,
1288 2864 1328 2909 ne
1339 2845 1462 2928 primus
1472 2843 1617 2907 hostium

429 2955 570 3037 impetus
591 2953 626 3015 in
649 2970 742 3015 suam
764 2949 854 3015 fieret
872 2949 985 3014 urbem
1005 2955 1184 3015 metuentes
1195 2956 1233 3031 ⁸),
1252 2950 1452 3015 frumentum
1472 2970 1512 3014 ex
1530 2951 1617 3034 agris

428 3061 461 3125 in
485 3059 598 3124 urbem
620 3062 913 3142 comportaverunt,
936 3061 969 3121 et
992 3077 1102 3121 omnes
1125 3077 1158 3121 sc
1180 3058 1264 3122 intra
1282 3056 1372 3121 urbis
1390 3056 1516 3121 moenia
1534 3074 1617 3121 reee-

429 3170 546 3252 pernnt
557 3170 592 3243 ⁷).
616 3163 785 3249 Suspensis
808 3165 924 3228 animis
947 3163 1156 3248 expectabant
1175 3162 1294 3228 futura.

475 3268 646 3347 Hannibal,
677 3272 818 3335 exercitu
847 3272 1032 3335 transmisso
1045 3269 1081 3350 Β),
1112 3290 1174 3334 non
1197 3275 1306 3334 tamen
1329 3271 1440 3334 statim
1465 3270 1619 3355 Agrigen-

430 3381 572 3444 tinorum
604 3376 717 3442 urbem
744 3375 885 3442 obsidere
908 3378 1024 3461 coepit,
1047 3374 1102 3441 sed
1123 3374 1247 3462 legatos
1270 3378 1361 3440 misit
1383 3378 1439 3462 qui
1462 3376 1618 3461 Agrigen-

430 3488 507 3552 tinis
537 3482 763 3570 persuaderent
784 3489 823 3548 ut
844 3486 1028 3549 societatem
1052 3504 1127 3548 cum
1149 3480 1467 3569 Carthaginiensibus
1488 3484 1617 3560 inirent,

430 3594 590 3659 sinminus
609 3591 755 3656 neutrius
773 3592 874 3675 partis
893 3595 1008 3654 essent.
1029 3589 1210 3674 Utrumque
1225 3596 1335 3654 autem
1350 3609 1423 3654 cum
1436 3593 1619 3653 recusarent

432 3700 637 3787 Agrigentini
659 3718 771 3763 eorum
794 3696 872 3761 fines
892 3699 1013 3762 invasit
1033 3701 1066 3761 et
1090 3697 1202 3762 urbem
1224 3696 1386 3762 obsidione
1409 3694 1570 3776 clausitl).

467 3931 492 3992 1)
509 3929 582 3978 Diod.
599 3927 645 3978 Sic.
663 3927 733 3988 XIII,
750 3929 789 3977 te.

466 4014 492 4075 2)
509 4011 592 4061 Holm.
609 4027 632 4060 o.
650 4010 667 4060 1.
684 4010 705 4069 I,
722 4026 746 4075 p.
765 4011 804 4060 84.

467 4096 491 4157 a)
508 4093 581 4143 Diod.
597 4092 645 4143 Sir.
662 4092 731 4151 XIII,
750 4092 790 4143 80.

468 4181 493 4241 4)
510 4175 581 4226 Dior.
598 4175 645 4225 Sic.
663 4174 732 4234 XIII,
748 4175 788 4224 80.

470 4263 493 4323 b)
510 4259 581 4309 Diod.
598 4257 646 4308 Sic.
663 4257 732 4316 XIII,
750 4258 790 4307 80.

468 4345 492 4405 6)
510 4342 582 4392 Diod.
600 4342 646 4391 Sic.
664 4340 734 4400 XIII,
751 4340 791 4390 81.

467 4425 493 4488 I)
512 4425 584 4475 Diod.
601 4424 648 4475 Sio.
666 4423 737 4481 XIII,
755 4423 796 4472 el.

354 4531 357 4536 >
467 4510 492 4571 8)
509 4508 581 4558 Diod.
598 4507 646 4557 Sic.
664 4506 733 4564 XIII,
752 4505 797 4555 8οι
868 4503 1028 4567 συνήχθησαν
1044 4502 1130 4562 αὐτοῖς
1148 4504 1174 4554 cl
1187 4503 1282 4563 πάντες
1299 4504 1344 4553 σὺν
1361 4505 1477 4554 ἱππεῦσιν
1491 4503 1519 4556 οὐ
1531 4512 1618 4570 πολλῷ

434 4591 544 4648 πλείοις,
560 4589 592 4647 otc
609 4589 654 4651 pata
672 4589 785 4650 Τίμαιος,
800 4593 849 4636 τῶν
866 4585 962 4636 δώδεκα
979 4585 1108 4651 μυριάδων,
1126 4586 1157 4645 ὡς
1175 4586 1198 4636 δ’
1207 4587 1318 4650 Ἔφοροι,
1335 4588 1469 4651 τριάκοντα
1488 4587 1618 4651 μυριάδων.

469 4673 494 4736 9)
510 4673 582 4723 Diod.
599 4672 646 4722 Sic.
664 4672 733 4731 XIII,
749 4671 789 4720 85.
