3734 5767
823 741 841 808 7

242 944 331 988 mum
354 926 398 988 sit
412 921 447 1003 ¹).
468 920 663 989 Golonoram
683 924 777 989 duces
795 931 885 989 erant
905 925 978 1001 duo,
993 926 1180 990 Aristonous
1191 932 1222 988 et
1235 923 1381 1010 Pystilus
1392 923 1429 1008 ²).

240 1029 383 1095 Rhodios
404 1050 456 1095 eos
476 1030 575 1095 fuisse
594 1029 788 1096 Freemanus
800 1037 826 1110 ⁸)
846 1031 925 1097 effici
946 1052 1038 1117 posse
1050 1037 1172 1117 pul-ate
1188 1031 1293 1096 verbis
1307 1028 1432 1117 Thucy·

239 1135 339 1201 didis:
382 1138 492 1215 Γελῷοι
529 1136 733 1215 Ἀνροέγοιντοι
769 1136 881 1219 ᾤιιισιιν
907 1185 914 1202 .
941 1186 949 1202 .
975 1187 982 1202 .
1007 1139 1143 1206 οἰκιστὰς
1180 1136 1211 1201 δὲ
1244 1139 1427 1210 ποιήσαντες

240 1242 424 1319 Ἀριστένοον
447 1242 499 1305 sci
521 1246 672 1307 Πύστιλον
690 1245 805 1317 νόμιμοι
826 1246 858 1309 δὲ
878 1247 919 1309 τοὶ
942 1241 1064 1323 Γελῴων
1085 1243 1196 1313 δόντες.
1218 1240 1301 1309 (lum
1321 1249 1430 1307 autem

239 1348 378 1415 coloniae
400 1369 500 1415 noras
522 1348 712 1416 deducentes
734 1350 873 1417 colonias
897 1353 1026 1422 ιιτιστιὶε
1049 1372 1066 1417 e
1085 1350 1254 1436 metropoli
1275 1369 1429 1416 arcessere

241 1456 379 1523 solerent
406 1464 438 1521 et
462 1455 544 1522 Gela
564 1456 690 1523 colonia
713 1464 796 1523 esset
818 1457 1017 1524 Rhodiorum
1042 1465 1073 1523 et
1096 1455 1296 1524 Cretensium
1320 1457 1429 1541 proba-

242 1561 339 1628 bilius
374 1567 423 1628 est
446 1561 583 1628 alterum
608 1567 733 1637 κτιστιὶν
757 1565 854 1630 fnisse
877 1563 1049 1640 Rhodium,
1072 1564 1210 1628 alterum
1234 1561 1427 1630 Cretensem.

285 1667 333 1734 De
356 1671 426 1755 ipsa
450 1670 547 1733 arira
572 1668 654 1734 nihil
677 1670 833 1735 traditum
856 1673 1050 1735 invenimus.
1076 1669 1205 1736 Sicanos
1216 1691 1289 1735 cum
1299 1666 1429 1735 Graecis

240 1773 360 1840 bellum
391 1777 502 1841 iniisse
531 1797 633 1861 neque
663 1778 725 1842 nisi
756 1779 790 1841 ri
821 1782 853 1843 et
883 1780 982 1843 armis
1011 1784 1134 1842 coactos
1156 1779 1197 1841 iis
1220 1779 1348 1842 cessisse
1372 1795 1428 1859 pro

239 1887 325 1948 certo
349 1880 463 1947 habere
485 1880 570 1947 licet.
594 1880 677 1946 Sunt
700 1884 756 1967 qui
778 1882 909 1947 Pindari
921 1883 947 1960 ⁴)
970 1884 1082 1948 verba:

576 2048 729 2122 ιιοιρεέντεο
753 2040 780 2114 oi
803 2048 910 2113 πολλοὶ
934 2050 1017 2127 θυμῷ

576 2152 651 2233 iscis
674 2152 766 2235 ἔσχον
791 2153 905 2231 cianus
930 2158 1086 2233 τιοτοιρεοῦ,

239 2321 278 2386 ad
302 2320 425 2386 bellum
449 2342 524 2387 cum
547 2320 671 2387 Sicanis
693 2331 824 2408 gestum
848 2343 916 2387 esse
940 2321 1102 2388 reserenda
1121 2326 1244 2407 putent.
1264 2319 1426 2399 Dubium;

236 2430 302 2493 iam
325 2427 511 2495 scholiastae
533 2431 617 2493 inter
640 2450 672 2494 se
697 2429 900 2494 dissentiunt.
926 2428 1043 2494 Procul
1066 2428 1163 2494 dubio
1186 2428 1292 2494 verbis
1310 2427 1425 2503 νέννμιο

236 2539 378 2609 ποταμοῦ
413 2537 630 2622 Agrigentum
664 2535 874 2622 significatur,
909 2556 982 2612 non,
1014 2541 1052 2599 ut
1083 2534 1157 2601 vult
1188 2533 1356 2600 scholiasta
1388 2534 1427 2599 ad

237 2662 284 2707 vs.
306 2640 348 2704 14
361 2644 399 2721 ⁸),
424 2641 535 2707 Sicilia
553 2663 620 2726 nec,
649 2648 687 2707 nt
714 2642 791 2708 dicit
815 2643 968 2707 Artemon
991 2643 1026 2706 in
1049 2640 1180 2707 scholiis
1203 2641 1243 2707 ad
1265 2662 1312 2706 rs.
1328 2638 1369 2704 16
1388 2645 1427 2718 ⁸),

238 2744 327 2813 Gela.
371 2746 433 2812 Sed
481 2768 544 2833 quo
588 2754 732 2833 spectant
775 2750 871 2814 rerba
914 2749 1066 2822 καμόντες
1109 2740 1137 2812 οἳ
1172 2748 1278 2811 πολλοὶ
1322 2743 1454 2824 taudi-

240 2852 423 2918 Secondnm
453 2853 705 2941 Schubringium
727 2856 770 2933 ⁷):
812 2855 893 2932 „auf
921 2854 982 2919 den
1008 2854 1134 2940 Kampf
1159 2856 1221 2919 mit
1255 2852 1316 2918 den
1344 2852 1426 2919 Sica-

238 2961 368 3025 nischen
401 2959 569 3037 Barbaren,
605 2961 655 3027 die
687 2960 757 3026 dont
789 2960 984 3047 angetroffen
1012 2959 1175 3026 wardan’'.
1207 2959 1319 3025 Latius
1345 2958 1428 3024 mihi

238 3073 348 3151 poetae
386 3068 482 3133 verba
527 3073 635 3153 patere
668 3068 821 3133 videntur
857 3074 889 3133 et
922 3074 1008 3133 racis
1049 3068 1160 3133 scribit
1198 3065 1366 3132 scholiasta
1374 3065 1426 3147 '⁸):

236 3173 269 3237 οὔ
310 3173 373 3250 γὰρ
424 3173 511 3249 λέγει
555 3173 568 3237 i
613 3173 758 3252 Πένδοιρος
812 3170 857 3239 ὅτι
906 3172 1058 3249 ιιοομέντεο
1112 3175 1166 3247 τὴν
1221 3172 1425 3252 Ἀκροίγιιντοι

236 3278 360 3343 έκτισσν
390 3280 466 3342 ἄλλ’
494 3276 540 3344 ὅτι
566 3281 742 3345 κοιέέλον
765 3280 916 3356 κιεμέντεε
942 3282 1048 3347 πολλοὶ
1072 3284 1126 3345 τοῦ
1151 3278 1334 3359 Oinoussai
1360 3276 1428 3357 τρέ-

235 3408 314 3463 γσνοι
339 3384 430 3463 ἶσχον
451 3389 506 3457 τὴν
528 3387 743 3465 ’Λιιροέγιιντσ
769 3385 912 3452 Dubium
936 3389 1022 3452 enim
1046 3393 1094 3452 sst
1113 3384 1270 3450 Theronis
1291 3386 1428 3450 maiores

235 3512 314 3556 num
343 3493 426 3556 inter
457 3489 581 3557 colonos
603 3513 622 3558 a
645 3489 835 3559 Gelensibus
868 3495 999 3558 emissos
1030 3491 1149 3557 fuerint
1178 3497 1211 3557 et
1241 3497 1331 3556 erant
1361 3491 1427 3575 qni,

236 3598 414 3684 Agrigento
445 3601 511 3663 iam
543 3598 670 3664 condito
698 3619 752 3664 eos
781 3602 814 3663 in
845 3598 989 3665 Siciliam
1016 3600 1171 3684 migrasse
1194 3596 1428 3673 contenderent,

236 3705 322 3768 inter
340 3723 419 3788 quos
437 3703 612 3770 Pindarum
632 3704 729 3770 fuisse
748 3710 858 3770 auctor
877 3712 926 3770 est
942 3704 1111 3770 scholiasta
1130 3704 1170 3769 ad
1181 3725 1229 3768 rs.
1245 3701 1296 3768 16.
1310 3700 1429 3767 Scribit

272 3915 296 3977 1)
313 3914 456 3981 Schnhring.
487 3932 510 3966 o.
532 3916 550 3966 l.
572 3932 596 3981 p.
622 3917 666 3976 1s;
696 3917 813 3967 Proernam
835 3932 858 3966 o.
886 3915 904 3965 l.
927 3915 949 3974 I,
972 3931 996 3981 p.
1028 3915 1095 3975 481;
1124 3914 1218 3965 Siaiart.
1252 3931 1274 3963 o.
1293 3914 1310 3964 l.
1333 3930 1358 3979 p.
1382 3915 1427 3974 60;

234 3996 317 4047 Etiam
333 3998 439 4047 aliarum
453 3997 539 4048 Rhodo
556 3998 691 4049 vicinarum
707 3998 842 4049 insularum
855 3997 949 4048 incolas
963 3997 1026 4048 inter
1039 3998 1138 4048 colonos
1154 3998 1228 4047 luisse
1243 3996 1375 4047 verisimile
1383 4005 1428 4046 cst.

270 4080 295 4143 θ)
312 4079 422 4146 Thucydi.
439 4080 524 4141 vis

268 4162 291 4224 Β)
308 4163 425 4213 haemon
449 4180 471 4214 o.
502 4163 519 4212 l.
554 4163 576 4224 Ι,
602 4180 626 4230 p.
650 4165 712 4215 481:
738 4163 790 4215 Ona
815 4163 894 4228 might
919 4162 1009 4213 almost
1034 4162 1096 4211 infer
1121 4164 1183 4212 from
1210 4163 1252 4212 tha
1277 4163 1326 4212 lsst
1350 4161 1429 4212 words

233 4241 340 4310 (Thnyd.
356 4245 400 4305 Vl,
413 4247 439 4308 4)
454 4245 509 4295 that
522 4246 565 4295 ths
578 4246 692 4296 founders
708 4262 768 4296 ποτε
783 4245 904 4305 Rhodias,
913 4253 939 4295 to
948 4260 991 4310 say
1000 4244 1103 4309 nothing
1110 4245 1138 4293 cl
1145 4244 1187 4295 tha
1196 4244 1318 4294 universal
1326 4251 1428 4295 castam.

266 4330 292 4389 4)
308 4326 380 4378 Pind.
398 4327 479 4377 Osrm.
499 4328 538 4378 Ol.
556 4329 591 4388 11,
609 4330 632 4379 s.

270 4413 294 4473 b)
311 4410 392 4461 Sahal.
409 4410 441 4460 sd
460 4426 494 4462 rs.
513 4413 561 4463 142
580 4412 640 4474 ἱερὸν
658 4410 749 4473 dimus
766 4413 883 4472 ποταμοῦ
900 4411 971 4473 λέγει
988 4409 1033 4467 τὴν
1050 4409 1200 4459 Σιιιελέιεν
1217 4406 1270 4459 xri.

271 4493 296 4556 d)
311 4493 392 4546 Schol.
410 4495 441 4544 sd
456 4511 491 4545 vs.
509 4496 555 4545 la:
572 4479 699 4556 Ἀρτέμιον
714 4492 750 4551 δέ,
764 4493 777 4543 d
790 4492 840 4543 έπδ
857 4491 1002 4556 Περγάμον,
1016 4491 1062 4551 τὴν
1076 4491 1155 4541 Γέλνιν
1170 4489 1248 4543 discas
1262 4488 1311 4542 δεῖν
1325 4490 1430 4545 έκοέιιν.

271 4575 296 4639 Ι)
312 4577 455 4643 Sshnhring.
472 4595 495 4628 o.
513 4578 530 4627 l.
548 4594 573 4643 p.
592 4578 631 4627 14,

274 4660 299 4720 Β)
316 4660 396 4713 8ο1ιοΙ,
415 4662 446 4710 ad
464 4660 533 4712 Pind.
552 4660 632 4711 Csrm.
650 4659 741 4720 01.11‚
761 4661 798 4710 lt.
