3734 5767
802 750 845 818 73

227 933 391 1000 nonnullis
419 935 553 1000 urbibus
583 939 710 1028 tyranni
735 939 870 1022 imperio
894 936 1046 1000 subiectis
1068 934 1255 1000 seditionem
1280 936 1420 998 meuses

228 1041 364 1126 videtur,
383 1062 463 1128 quae
479 1047 561 1107 teste
580 1042 717 1109 Diodoro
735 1041 845 1109 Siculo
863 1042 962 1108 aliam
980 1063 1056 1107 eum
1068 1040 1252 1107 dominandi
1264 1043 1420 1107 rationem

226 1151 395 1214 instituere
429 1156 461 1213 et
495 1151 659 1215 mitiorem
694 1171 727 1216 ss
762 1150 910 1236 praebere
944 1149 1110 1214 dominum
1142 1151 1248 1235 coegit
1261 1145 1297 1229 ¹).
1329 1147 1420 1228 Quod

228 1276 342 1342 parum
366 1261 474 1321 tamen
498 1258 528 1321 ei
550 1256 681 1341 profuit.
707 1258 799 1323 Auno
822 1259 908 1322 enim
932 1254 1014 1321 280⁰
1039 1276 1067 1321 a.
1092 1253 1166 1322 Chr.
1191 1277 1223 1319 n.
1247 1254 1378 1320 Hicetas
1401 1276 1420 1321 a

228 1361 397 1429 ‘Phaeneae
436 1360 604 1449 Syrasusis
642 1368 710 1429 erat
744 1363 907 1449 expulsus.
943 1363 1005 1428 Hie
1039 1383 1111 1427 rum
1148 1360 1330 1439 Sosistrato‚
1365 1364 1420 1447 qui

228 1476 352 1558 praeter
382 1468 553 1556 Ortygiam
583 1475 686 1536 totam
717 1472 830 1537 urbem
861 1472 894 1534 in
924 1491 983 1536 sua
1012 1475 1169 1557 potestate
1199 1469 1344 1552 habebat,
1382 1467 1420 1533 de

229 1577 443 1643 dominatione
472 1576 704 1664 Syracusarum
729 1576 851 1643 bellum
883 1578 1015 1664 gerebat
1028 1579 1064 1657 ²),
1088 1597 1151 1663 quo
1176 1574 1259 1642 bello
1283 1575 1421 1641 defessos

229 1684 444 1772 Syraensanos
473 1681 752 1771 Carthaginienses
783 1690 945 1771 sperantes
976 1683 1042 1749 fore
1067 1690 1105 1747 ut
1127 1682 1220 1749 faaile
1243 1685 1419 1759 vincerent,

228 1792 341 1857 urbem
371 1790 534 1857 obsidione
564 1790 798 1878 clauserunsr).
825 1793 868 1856 nt
890 1789 985 1856 aliter
1007 1811 1056 1856 res
1080 1789 1195 1855 eeeidit
1218 1810 1253 1855 ae
1277 1809 1420 1875 sperare-

228 1904 301 1963 rant
323 1895 611 1984 Carthaginienses.
635 1896 786 1986 Thosnon
808 1899 894 1963 enim
918 1903 951 1963 at
974 1896 1174 1973 Sosistratus,
1195 1917 1269 1961 aum
1292 1902 1421 1961 tantum

228 2007 301 2070 urbi
327 2007 511 2071 immineret
534 2004 725 2090 perieulum,
748 2004 871 2092 legatos
895 2006 1053 2069 miserunt
1076 2003 1115 2068 ad
1138 2003 1302 2090 Pyrrhum
1315 2009 1342 2081 ⁴)
1365 2004 1421 2088 qui

228 2110 388 2177 auxilinm
418 2117 571 2198 peterent.
591 2112 737 2199 Pyrrhus
757 2114 814 2197 qni
837 2110 941 2177 adhue
960 2113 994 2174 in
1013 2108 1108 2176 Italia
1127 2110 1312 2175 morabatur
1328 2108 1422 2195 Syra·

228 2237 419 2284 eusanorum
452 2239 559 2304 preses
592 2241 654 2284 non
688 2218 888 2305 repudiavit;
919 2217 1056 2284 Tarento
1086 2216 1187 2283 solvit
1216 2224 1249 2283 et
1272 2214 1420 2283 Catinam

228 2328 405 2391 exereitum
430 2328 564 2404 traiecit,
587 2325 661 2392 inde
684 2324 782 2391 elassa
801 2345 890 2391 oram
908 2324 1035 2411 legente
1054 2323 1228 2411 Syracusas
1248 2322 1422 2401 contendit,

230 2452 292 2517 qna
322 2433 402 2497 urbe
432 2430 522 2498 nullo
553 2431 673 2518 proelio
697 2435 868 2498 commisso
898 2434 1022 2519 potitus
1053 2438 1110 2497 est.
1143 2429 1422 2515 Carthaginienses

229 2542 315 2606 enim
347 2560 421 2604 eum
447 2541 534 2627 regis
556 2537 656 2605 classe
679 2538 838 2626 proelium
862 2540 944 2604 inire
965 2559 1028 2604 non
1053 2540 1122 2604 ausi
1146 2543 1260 2617 sunt⁸)
1283 2543 1316 2603 et
1337 2537 1420 2603 obsi-

230 2647 357 2713 dionem
381 2645 591 2732 reliquerunt.

275 2752 449 2840 Syracusas
478 2774 552 2818 oum
583 2754 722 2818 venisset
752 2752 898 2839 Pyrrhus
921 2749 1131 2817 Sosistratum
1154 2772 1229 2816 oum
1252 2749 1421 2816 'Phaeneae

229 2863 261 2926 in
283 2861 423 2948 gratiam
447 2858 571 2946 redegit
584 2859 618 2938 ⁸).
643 2860 724 2925 Pace
747 2858 914 2946 Syrasusis
938 2861 1089 2924 restituta
1112 2860 1330 2945 Agrigentum
1352 2879 1423 2923 eon·

230 2968 342 3033 tendit.
375 2964 443 3032 Hae
472 2969 507 3032 in
537 2966 616 3031 urbe
646 2965 849 3043 Sosistratus,
883 2968 939 3051 qui
969 2964 1150 3051 complures
1181 2965 1276 3031 urbes
1297 2963 1422 3031 insulae

228 3076 366 3161 imperio
396 3094 454 3138 suo
484 3073 662 3138 subiecerat
673 3077 711 3151 ⁷),
741 3072 939 3159 praesidinm
969 3070 1186 3139 collocaverat.
1218 3070 1289 3137 Non
1313 3078 1421 3137 tamen

229 3187 329 3248 totam
353 3180 467 3245 urbem
489 3181 524 3244 in
547 3184 704 3265 potestate
728 3201 786 3245 sua
809 3180 955 3256 habebat,
976 3199 1052 3244 nam
1072 3200 1177 3244 areem
1199 3179 1354 3263 Phintias,
1369 3181 1423 3244 aui

229 3286 508 3375 Carthaginienses
535 3285 657 3352 auxilio
683 3289 809 3354 venisse
831 3286 991 3364 ridentur,
1016 3291 1235 3372 occupaverat.
1260 3285 1420 3366 Quicum

230 3416 266 3461 eo
295 3397 365 3480 ipso
393 3399 622 3480 temporeque
645 3393 791 3481 Pyrrhus
815 3394 886 3459 urbi
910 3394 1186 3480 appropinquabat
1207 3399 1290 3459 esset
1312 3391 1424 3479 erpul-

265 3607 289 3669 1)
307 3608 379 3657 Diod.
396 3607 443 3657 Sis.
460 3606 540 3667 xxrl,
557 3608 580 3658 2.

264 3691 289 3753 2)
308 3689 378 3741 Diod.
400 3690 447 3741 sie.
469 3690 547 3750 xm,
571 3690 596 3741 i.
617 3690 683 3740 Plut.
704 3689 751 3740 Vit.
768 3690 863 3755 Pyrrhi.
881 3690 959 3740 aaa
980 3690 1085 3741 Diodoro
1101 3690 1268 3741 nominantur:
1287 3690 1380 3740 Θννίονν
1398 3697 1423 3740 st

230 3771 385 3835 Σύστρατος,
407 3791 422 3823 a
439 3773 572 3823 Plutsrebo
588 3772 679 3822 Θοίναν
696 3779 721 3823 st
736 3773 921 3835 Σωσίστρατος.
938 3773 976 3823 Ci.
994 3773 1088 3824 Sisisrt.
1108 3790 1130 3823 o.
1148 3774 1166 3823 1.
1183 3791 1210 3839 p.
1227 3774 1272 3824 82:
1291 3775 1342 3822 hui
1357 3772 1424 3823 siner

231 3856 320 3905 Mirans
336 3871 383 3905 ron
400 3856 537 3921 Syrskusss
553 3856 628 3905 fladst
646 3854 698 3905 sich
714 3862 798 3912 Σοσισ,
814 3855 909 3905 dsnsnh
926 3855 1003 3906 arabi:
1021 3855 1173 3905 Sosistratus.

265 3940 290 4001 8)
307 3938 378 3988 Diod.
396 3937 444 3988 Sis.
462 3938 542 3997 xxii,
558 3939 582 3988 8.

264 4027 289 4085 4)
307 4022 379 4074 Diod.
398 4022 446 4071 Sia.
464 4021 543 4081 XXII,
561 4020 585 4081 7,
603 4021 619 4071 i.
630 4021 647 4071 f.

265 4108 289 4168 b)
306 4105 377 4155 Diod.
401 4105 448 4155 Sis.
466 4104 544 4163 XXII,
565 4105 581 4152 8
599 4141 605 4154 .
624 4140 630 4154 .
650 4142 655 4154 .
673 4103 699 4151 οἱ
714 4102 760 4165 pir
777 4100 939 4165 Καρχηδόνιοι
957 4105 1197 4164 τροατοσταλκότος
1214 4102 1349 4166 τριάκοντα
1366 4105 1425 4161 ναῦς

230 4185 271 4237 trs
295 4204 366 4245 τινας
390 4187 480 4250 χροίας
504 4185 653 4250 ἀναγκαίας,
677 4185 736 4242 ταῖς
763 4183 1009 4246 καταλελειμμέναις
1032 4183 1075 4235 οὐκ
1100 4183 1247 4246 ἐτόλμασαν
1271 4187 1425 4246 τολομῆσαι.

229 4272 319 4333 asem
342 4267 434 4332 Πύρρος
451 4267 582 4327 ἀκινδύνοις
599 4266 745 4318 estensem
761 4266 796 4326 sic
813 4265 969 4329 Συρακούσας
987 4267 1030 4317 καὶ
1046 4270 1175 4330 ταρέλαβο
1192 4267 1237 4326 τῆν
1254 4270 1339 4325 Νῆσον
1355 4269 1423 4330 ταρὰ

230 4353 357 4410 ΘννΙοινος,
373 4351 420 4410 τὴν
437 4350 551 4409 δ’ἄλλκν
568 4354 641 4400 πόλιν
658 4351 726 4412 saa
743 4348 899 4412 Σοοστρατον.

264 4437 291 4497 b)
312 4435 379 4485 Diod
399 4435 446 4484 Sis.
464 4435 543 4494 xxll,
561 4435 584 4484 8.

264 4519 288 4583 7)
306 4518 378 4568 Diod.
394 4518 442 4568 Sia.
459 4518 538 4578 XXII,
556 4519 579 4568 8.
597 4508 679 4574 Οὗτος
696 4515 849 4579 (Sosistratus
868 4519 910 4578 so.)
928 4512 1098 4578 δ’ἔκνρίονσον
1117 4516 1288 4579 Ἀκράγαντος
1306 4515 1348 4565 καὶ
1365 4526 1427 4565 τολ-

231 4606 280 4651 sse
298 4601 381 4651 ἄλλοιν
398 4603 502 4662 τόλαοιν,
519 4601 587 4665 ’ἔχων
607 4597 768 4661 στρατιώτας
784 4596 844 4660 ὑπὲρ
862 4599 922 4656 τοὺς
939 4600 1047 4660 μυρίοις.
1065 4600 1201 4653 modste.
1220 4601 1299 4662 XXII,
1317 4601 1349 4649 10
1367 4638 1373 4649 .
1392 4637 1397 4648 .
1419 4638 1425 4651 .

230 4681 361 4746 παρέλαβε
377 4684 493 4750 (Pyrrhus
509 4688 551 4747 ss.)
569 4681 596 4732 di
614 4681 657 4732 sai
673 4680 808 4744 τριάκοντα
825 4683 910 4739 σάλοις
927 4675 958 4729 ὧν
977 4676 1040 4745 ἦρχε
1056 4681 1211 4744 Σώστρατος.
