3734 5767
787 727 828 794 81

212 911 440 988 Romanorum,
464 912 612 975 civitates
635 914 703 976 sine
725 910 848 978 foedere
871 909 991 976 liberae
1010 916 1044 975 et
1062 912 1236 989 immunes,
1258 912 1406 976 civitatee

213 1018 415 1094 decumanae,
456 1019 605 1083 civitates
644 1019 805 1085 censoriae
819 1016 852 1097 ¹).
889 1018 1179 1104 Agrigentinorum
1214 1017 1290 1082 urbs
1324 1020 1409 1082 inter

214 1125 361 1189 ciritetes
392 1122 583 1189 decumanos
614 1131 681 1189 eret
694 1123 730 1205 ²).
754 1121 885 1191 (livium
910 1131 999 1189 erunt
1022 1124 1085 1189 duo
1107 1144 1242 1211 generu;
1266 1122 1408 1211 legimus

213 1232 300 1296 enim
332 1230 416 1316 opud
440 1228 627 1297 Ciceronem
641 1232 685 1313 ⁸):
713 1232 942 1318 „Agrigentini
966 1230 1126 1316 Scipionis
1149 1231 1239 1317 leges
1261 1234 1409 1316 antiquas

214 1337 341 1416 hubent,
373 1340 407 1401 in
431 1338 548 1422 quibus
571 1343 603 1403 et
624 1337 682 1403 ills
705 1338 817 1404 eudem
831 1340 857 1424 ⁴)
880 1343 990 1404 sanctu
1012 1335 1089 1404 sunt
1112 1345 1145 1404 et
1167 1337 1226 1403 hoc
1250 1336 1406 1423 amplius:
1429 1347 1432 1354 ’

215 1444 298 1512 bum
311 1445 599 1531 Agrigentinorum
611 1445 674 1510 duo
685 1466 803 1531 genere
814 1446 889 1523 sint,
902 1465 1006 1510 unum
1018 1451 1165 1510 veterum
1178 1444 1315 1510 alterum
1329 1443 1410 1510 colo

213 1572 339 1633 norum,
352 1572 432 1637 quos
443 1550 480 1616 Τ.
490 1550 632 1617 Manlius
644 1559 771 1637 preetor
783 1572 820 1617 ex
833 1558 962 1617 senatus
975 1550 1119 1617 consulto
1131 1551 1170 1617 de
1181 1551 1307 1638 oppidis
1319 1550 1408 1616 Sicu·

212 1657 320 1724 lorum
343 1657 475 1723 deduxit
498 1660 729 1746 Agrigentum,
755 1663 886 1724 cautum
910 1664 959 1725 est
980 1661 1014 1723 in
1034 1657 1192 1744 Scipionis
1209 1657 1348 1746 legibus,
1368 1677 1408 1721 ne

213 1763 322 1849 plures
344 1770 449 1829 essent
471 1768 505 1829 in
529 1771 642 1830 senstu
665 1785 705 1830 ex
724 1765 910 1831 colonorum
930 1786 1064 1831 numero
1085 1786 1181 1851 quem
1202 1787 1241 1829 err
1262 1773 1408 1831 veterum

216 1870 538 1957 Agrigentinorum''.
563 1871 626 1937 Pro
648 1871 685 1937 Τ.
706 1870 850 1938 Manlius
871 1871 1045 1959 legendum
1066 1872 1194 1937 videtur
1215 1869 1271 1949 „S
1293 1871 1410 1936 Memi-

214 1975 313 2055 lius'';
325 1998 407 2043 enno
419 1980 505 2043 euim
519 1975 603 2043 207⁰
614 1999 642 2043 e.
652 1975 727 2044 Ohr.
737 2000 768 2042 n.
782 1976 817 2045 Ο.
831 1977 1003 2043 Momilius
1016 1984 1142 2064 praetor
1153 1984 1221 2043 erut
1233 1977 1359 2044 Siciliae
1372 1979 1410 2063 ὅ).

216 2081 319 2148 Paulo
343 2088 422 2169 post,
448 2104 530 2150 enno
554 2083 637 2150 205ο
659 2105 687 2148 a.
708 2082 783 2151 (ihr.
804 2107 836 2150 n.
856 2083 963 2170 Scipio
983 2084 1094 2151 consul
1111 2088 1145 2150 in
1164 2084 1271 2150 insule
1288 2082 1410 2149 bellum

215 2195 324 2255 contre
332 2187 562 2278 Carthaginem
574 2212 687 2276 parens
697 2213 757 2270 „ne
769 2189 878 2279 plures
889 2198 994 2257 essent
1004 2194 1038 2256 in
1051 2199 1164 2258 senatu
1175 2213 1215 2257 er
1226 2191 1411 2257 colonorum

216 2316 348 2362 numero
379 2318 476 2383 quem
500 2320 539 2363 err
562 2304 710 2364 veterum
735 2298 1046 2386 Agrigentinorum’'
1071 2299 1246 2365 decrevisse
1271 2299 1410 2365 ridetur.

216 2402 301 2469 Nori
334 2402 438 2469 coloni
467 2407 523 2490 qui
553 2404 674 2470 fuerint
697 2408 858 2471 incertum
883 2411 941 2470 ost.
965 2405 1202 2471 Mommsenius
1226 2405 1325 2471 verbe
1350 2404 1409 2483 „de

217 2508 342 2594 oppidis
373 2508 577 2576 Siculorum''
609 2532 684 2576 cum
713 2519 862 2590 „senatus
890 2510 1069 2590 consulto'’,
1099 2532 1166 2578 esse
1189 2511 1411 2598 coniungenda

216 2637 378 2704 novosque
413 2617 538 2684 colonos
573 2641 630 2706 pro
667 2617 810 2696 „colonia
844 2618 980 2684 Latine’'
1017 2640 1085 2685 esse
1115 2619 1275 2685 habendos
1289 2675 1291 2680 .
1305 2624 1409 2704 putot,

216 2723 319 2788 fretus
353 2727 498 2789 nummis
532 2727 637 2791 eeneis
671 2728 706 2790 iu
741 2726 858 2811 quibus
891 2747 956 2790 uox
989 2726 1248 2813 „Agrigentum”
1279 2723 1411 2811 legitur,

218 2830 302 2895 unde
336 2829 432 2896 efficit
466 2830 586 2897 incolas
620 2830 751 2898 Lutiuoe
786 2833 959 2919 Agrigenti
993 2831 1208 2919 praevaluisse
1221 2832 1258 2918 ⁸).
1294 2829 1412 2898 Contra

217 2935 452 3024 Sohubringius
475 2938 571 3003 verbe
591 2938 652 3015 „de
673 2939 797 3025 oppidis
815 2938 1022 3004 Siculorum’'
1043 2961 1116 3004 oum
1137 2959 1213 3004 voce
1236 2937 1411 3015 „deduxit”

217 3044 437 3131 coniungendo
455 3065 522 3110 esse
541 3045 699 3130 perhibet.
719 3045 804 3111 Novi
824 3044 926 3111 coloni
945 3046 1042 3110 buius
1059 3047 1207 3131 opinione
1228 3046 1412 3110 Σικελιῶται

218 3157 319 3229 erent,
341 3150 511 3238 „obgleioh
531 3173 563 3216 es
583 3151 656 3217 hort
671 3154 715 3217 ist
734 3152 793 3230 „de
811 3152 937 3238 oppidis
956 3150 1160 3219 Siculorum''
1177 3173 1217 3216 cu
1236 3150 1410 3229 „deduxit”

255 3418 280 3482 1)
296 3418 439 3484 Sohubrirrg.
456 3436 479 3469 o.
496 3418 514 3468 l.
531 3435 556 3484 p.
574 3416 614 3470 78.

253 3500 278 3563 2)
295 3500 346 3553 cie.
364 3501 431 3552 Verr.
448 3502 495 3562 111,
516 3502 570 3552 108.

253 3584 279 3645 d)
295 3584 346 3635 cre.
365 3583 432 3634 Voss.
449 3584 485 3645 11,
498 3584 554 3634 123.

254 3670 279 3729 4)
296 3667 334 3717 Of.
357 3667 407 3718 Oic.
430 3667 498 3717 Voss.
520 3666 556 3726 ΙΙ,
578 3666 639 3716 1222
663 3665 777 3715 Decrevit
801 3671 899 3716 senetur
925 3668 1057 3717 honorifico
1081 3674 1179 3717 senetur
1200 3666 1312 3717 consulto
1334 3671 1362 3715 ut
1380 3665 1415 3714 eis

220 3749 368 3812 (Heluesinis
385 3767 427 3810 so„
442 3767 497 3801 cum
510 3750 629 3800 heberent
643 3748 707 3798 inter
720 3765 745 3799 se
760 3749 935 3800 controversias
950 3751 980 3800 de
995 3757 1081 3801 renutu
1096 3751 1242 3816 cooptando)
1255 3749 1282 3798 C.
1297 3748 1415 3797 Claudius

220 3835 296 3900 Appii
310 3834 376 3884 filius
392 3833 497 3884 Pulcher
514 3839 612 3898 preetor
625 3832 655 3881 de
672 3838 758 3882 senetu
775 3833 911 3898 oooptsrrdo
926 3833 992 3896 leges
1006 3833 1174 3883 conscriberet.
1191 3831 1219 3882 C.
1233 3831 1368 3881 Clsudius.
1384 3867 1391 3879 .
1408 3868 1415 3882 .

220 3916 360 3968 Hslsesinis
382 3918 448 3983 leges
470 3916 552 3974 dedit,·
574 3915 600 3965 in
622 3915 710 3980 quibus
734 3914 813 3964 mults
836 3916 918 3965 senxit
939 3916 970 3965 de
994 3920 1074 3966 astate
1097 3915 1215 3965 donimus
1233 3930 1263 3963 sse
1279 3914 1321 3979 qsss'
1338 3913 1414 3962 misor

221 4000 323 4065 ephra
352 3999 423 4049 amis
452 4003 531 4058 mur,
557 3998 588 4047 ds
611 4002 718 4062 pacm,
745 4013 812 4063 quem
839 3999 881 4063 qsss'
898 3999 1012 4064 fecisset,
1038 4015 1068 4048 sse
1090 3999 1215 4064 legeretur,
1233 3998 1263 4047 de
1279 4013 1362 4057 ceusu,
1384 3996 1414 4045 de

221 4082 307 4133 ceteris
323 4084 403 4133 rebus.

255 4168 279 4228 5)
295 4166 438 4231 Schubring.
456 4182 479 4215 o.
495 4164 513 4214 l.
531 4180 555 4229 p.
574 4162 615 4216 77.
633 4163 685 4214 Ιιίν.
703 4164 805 4223 XXVII,
824 4164 863 4215 db.

255 4250 280 4311 b)
296 4249 439 4314 Sobobring.
462 4264 486 4299 o.
502 4248 520 4297 l.
537 4263 561 4312 p.
579 4245 620 4300 w.
637 4246 671 4296 Er
692 4247 839 4309 (Mommsen
857 4250 899 4309 so.)
915 4247 982 4297 sieht
1000 4285 1006 4297 .
1024 4286 1029 4297 .
1049 4286 1055 4297 .
1073 4247 1103 4297 de
1121 4247 1217 4312 oppidis
1233 4245 1369 4296 Siculorum
1387 4262 1416 4295 zu

219 4339 318 4382 senstus
341 4332 461 4391 consulto,
484 4346 534 4380 ures
556 4330 729 4395 gremmstisoh
753 4334 859 4380 sissent
879 4330 1043 4395 snrprechend
1062 4331 1103 4389 ist,
1119 4330 1169 4379 und
1187 4328 1247 4378 uird
1265 4328 1417 4377 understirtzt

221 4413 297 4464 durch
322 4414 362 4463 die
387 4413 583 4463 Bronteminsen
609 4412 655 4461 mit
677 4412 719 4461 der
741 4411 902 4462 lsteinischeu
925 4412 1062 4461 Aulsohrift
1089 4413 1257 4477 Agrigentum,
1279 4410 1370 4464 welche
1393 4426 1418 4459 er

221 4495 246 4546 in
258 4496 301 4546 der
318 4495 462 4547 Gesohichte
475 4497 518 4546 des
532 4495 667 4546 romischen
682 4494 848 4544 Minzsrosens
862 4511 907 4544 sus
920 4494 1079 4545 Torremusze
1095 4494 1144 4544 und
1160 4492 1335 4543 Eokheloitirt.
1346 4493 1418 4541 Desrn

219 4579 332 4644 ohgleich
349 4579 389 4629 die
404 4579 574 4643 Bessichnung
589 4578 686 4627 colonis
703 4578 773 4637 fehlt,
792 4595 818 4628 so
836 4578 924 4628 erhellt
944 4578 1015 4637 doch,
1029 4577 1085 4627 dees
1100 4578 1143 4627 des
1160 4575 1292 4626 letiniscbe
1306 4574 1419 4624 Elemsnt

221 4661 261 4711 die
278 4660 408 4712 Oberhend
425 4662 537 4712 erhslten
553 4662 631 4711 hetto.

1268 4756 1283 4806 6
