3734 5767
995 741 1036 805 14

421 922 626 1009 Schubringii
643 922 666 1000 ¹)
690 923 837 1006 opinione
859 920 910 986 dei
933 923 1086 986 iuventus
1104 920 1279 1001 indicatnr;
1302 923 1476 989 secundnm
1495 922 1610 992 Cluve-

425 1051 498 1095 rum
510 1029 538 1108 ²)
568 1028 733 1114 epitheton
763 1032 884 1113 spectat
914 1026 954 1092 ad
985 1025 1107 1092 flavum
1137 1048 1237 1113 aquas
1268 1026 1362 1093 fluvii
1394 1029 1542 1096 colorem.
1570 1030 1608 1096 in

422 1140 501 1222 ripis
523 1136 615 1201 fluvii
634 1134 867 1200 herbosissimis
890 1133 1013 1199 multae
1031 1134 1240 1220 pascebantur
1258 1156 1344 1213 oves,
1363 1156 1461 1221 qnam
1481 1139 1521 1202 ob
1540 1159 1608 1203 rem

423 1242 581 1308 Pindarus
594 1243 619 1319 ¹)
642 1243 744 1306 canit:
771 1242 867 1304 Αἷτέα
891 1265 938 1319 οε,
961 1242 1140 1319 φιλάγλαε,
1164 1243 1323 1306 καλλίστα
1347 1243 1478 1320 βροτεᾶν
1496 1246 1607 1308 ratior

424 1347 617 1427 Φερσεφόνας
637 1345 710 1432 ἕδος,
731 1345 754 1412 c‘c'
774 1348 802 1410 r’
822 1346 929 1427 ὄχθαις
950 1346 1001 1412 ἔτι
1020 1347 1254 1425 μηλοβότου
1278 1351 1372 1420 ναίεις
1393 1350 1607 1428 Ἀκράγαντος

424 1456 574 1531 ἐΰδματον
598 1450 733 1517 κολώναν
753 1453 817 1518 κτὲ.

466 1562 528 1627 Ροτ
559 1561 690 1647 longum
721 1562 836 1624 seriem
867 1579 1023 1624 annornm
1055 1560 1284 1645 Agrigentinos
1313 1558 1451 1625 fluvium
1482 1582 1609 1628 summa

422 1668 555 1735 coluisse
587 1668 742 1753 religione
776 1673 908 1751 apparet
943 1686 982 1730 ex
1015 1669 1158 1730 nummis
1194 1666 1291 1743 urbis,
1323 1669 1356 1731 in
1388 1667 1505 1752 quibus
1531 1668 1608 1733 deus

422 1778 521 1841 variis
543 1773 646 1839 modis
668 1773 879 1859 effingtturo.
904 1771 1025 1836 Extant
1048 1774 1175 1837 nummi
1197 1778 1231 1836 in
1255 1773 1370 1857 quibus
1391 1777 1517 1839 invenis
1538 1796 1609 1839 oon·

421 1884 555 1969 spicitur
588 1879 703 1956 nudus,
738 1880 772 1942 in
807 1877 878 1943 aliis
912 1885 961 1942 est
993 1881 1120 1943 iuvenis
1150 1879 1302 1943 imberbis
1332 1885 1365 1944 et
1393 1882 1547 1966 corniger,
1574 1883 1609 1944 in

424 1988 495 2054 aliis
517 1991 618 2074 pisces
640 1984 788 2051 videmus
811 1991 844 2049 st
867 2005 1005 2049 cancros.

468 2094 515 2159 De
548 2092 663 2180 Hypsa
697 2090 780 2155 nihil
810 2096 1017 2156 memoratur.
1049 2092 1098 2155 Ab
1129 2092 1207 2157 urbs
1237 2092 1402 2157 meridiem
1434 2112 1545 2157 versus
1574 2094 1608 2155 in

423 2203 603 2286 Acraganta
631 2197 795 2273 influebat,
828 2197 883 2262 sed
914 2197 999 2282 quod
1028 2218 1143 2261 nomen
1172 2197 1280 2262 fluviis
1310 2200 1487 2262 coniunctis
1511 2198 1608 2262 fuerit

423 2327 551 2392 prorsus
573 2307 760 2391 ignoramus
773 2306 810 2384 ⁵).

467 2413 590 2478 Nomen
621 2409 714 2474 fluvii
737 2410 926 2495 Acragantis
949 2429 1073 2494 semper
1097 2418 1144 2474 est
1166 2409 1337 2475 masculini
1359 2413 1496 2496 generis,
1519 2410 1608 2474 urbis

423 2540 539 2586 nomen
562 2525 594 2582 st
616 2514 785 2582 masculini
808 2519 933 2601 generis
956 2524 989 2581 et
1011 2516 1205 2596 femininib.

465 2732 553 2797 Inter
583 2732 762 2815 Acraganta
792 2733 825 2794 et
853 2729 1002 2814 Hypsam
1031 2727 1124 2794 collis
1147 2736 1206 2811 est,
1231 2732 1287 2814 qui
1309 2749 1460 2815 magnam
1484 2733 1607 2814 partem

422 2839 568 2904 consistit
598 2857 615 2901 a
646 2835 740 2900 calce.
771 2835 911 2900 Decliris
942 2842 991 2899 est
1013 2855 1031 2899 a
1054 2837 1208 2920 partibus,
1239 2856 1320 2921 quae
1353 2843 1496 2921 spectant
1524 2838 1608 2899 inter

422 2946 576 3010 orientem
599 2940 700 3007 solem
723 2949 755 3006 st
778 2942 1008 3026 septentriones
1031 2939 1070 3006 ad
1094 2950 1199 3025 partes
1224 2963 1335 3007 versus
1358 2962 1439 3027 qnae
1468 2947 1609 3027 vergunt

420 3052 505 3115 inter
534 3048 700 3114 meridiem
724 3053 758 3112 et
780 3046 858 3112 solis
880 3067 1037 3112 occasum.
1061 3045 1187 3133 Vorago
1209 3047 1275 3114 alta
1297 3047 1412 3114 collem
1435 3070 1454 3113 a
1475 3051 1608 3113 circnm-

419 3155 596 3220 iacentibus
620 3155 780 3218 montibus
803 3161 835 3219 st
859 3175 876 3219 a
899 3153 1043 3239 planitie,
1068 3174 1147 3239 qnae
1172 3174 1190 3217 a
1211 3152 1291 3219 colle
1309 3154 1476 3219 meridiem
1496 3176 1606 3220 versus

420 3282 521 3346 usque
544 3260 583 3325 ad
606 3280 693 3325 mare
717 3267 814 3345 patet,
838 3267 973 3346 separat.
994 3258 1169 3324 Declivitas
1188 3258 1278 3324 collis
1297 3282 1358 3324 non
1379 3267 1427 3325 est
1446 3265 1605 3339 continua,

420 3368 475 3433 sed
506 3366 699 3444 monticulis,
729 3365 806 3432 locis
836 3366 1033 3441 editioribus,
1066 3365 1204 3431 vallibus
1229 3368 1487 3453 interrumpitur.
1508 3366 1607 3432 Vallis

422 3476 475 3539 cui
509 3493 593 3538 nunc
623 3480 671 3537 est
701 3494 817 3538 nomen
849 3471 1002 3550 ,Vallons
1033 3470 1248 3557 Pipitusario”
1262 3470 1288 3550 ⁷)
1319 3472 1434 3538 collem
1464 3476 1497 3537 iu
1528 3475 1606 3540 dues

455 3671 479 3732 1)
497 3670 640 3735 Schnbring.
657 3687 679 3720 o.
698 3670 717 3720 l.
732 3685 755 3735 p.
775 3671 800 3720 b.

454 3755 479 3814 2)
495 3752 590 3803 Siciart.
614 3770 635 3803 o.
652 3753 670 3803 l.
687 3769 711 3818 p.
734 3753 780 3802 222
801 3750 906 3817 (ξανθόρ)
932 3752 985 3801 sins
1014 3751 1168 3816 Bonennnng,
1186 3752 1225 3801 dic
1241 3752 1303 3801 nach
1320 3751 1408 3802 Clnvcr
1424 3769 1485 3818 gana
1501 3755 1606 3804 cnidon

422 3833 586 3900 Elegio-Nero
603 3842 679 3901 parnt,
695 3834 807 3885 sibrand
824 3834 867 3884 dor
884 3833 965 3898 Dmgo
982 3834 1028 3883 mit
1044 3835 1133 3882 klarcra
1147 3834 1297 3884 Wasscrvon
1308 3834 1607 3901 Klippsznlilippei‘sllt.

457 3918 481 3979 B)
499 3917 569 3968 Pind.
587 3918 667 3968 Germ.
684 3916 757 3983 Pyth.
775 3917 831 3976 ΧΠ,
852 3919 873 3976 1,
891 3915 931 3965 Ol.
950 3915 1179 3981 11,o;1>ytt.vl,
1197 3916 1220 3966 d.

455 4003 481 4062 4)
497 3999 621 4050 Mionnct:
652 3998 805 4067 Discription
833 4000 863 4049 dc
888 3997 1019 4048 Mtnsitlse
1045 3999 1164 4064 antiques.
1188 3998 1258 4049 Tom.
1283 3999 1307 4058 1;
1333 3998 1426 4049 Iasaka:
1453 3999 1606 4051 Numismsts

423 4082 559 4133 Hellanicc.

457 4167 480 4225 b)
497 4163 639 4229 Schnbring.
656 4180 695 4229 op.
713 4164 730 4214 l.
748 4180 772 4230 p.
791 4165 813 4213 b.

456 4246 481 4308 b)
498 4245 605 4311 Thucyd.
630 4245 684 4304 VII,
705 4247 751 4296 dd:
770 4242 931 4307 Ἀκράγαντα
949 4241 1155 4308 στασιάζοντα,
1174 4243 1244 4294 Diod.
1260 4244 1308 4294 Sic.
1324 4244 1366 4295 xl.
1384 4247 1422 4295 58.
1441 4242 1607 4306 ὶοτράτοναεν

424 4322 467 4376 ist
483 4328 537 4377 riv
556 4326 724 4390 Ἀκράγαντα.
743 4326 832 4391 Vergil.
850 4329 909 4378 dan.
926 4326 1018 4374 arduae
1033 4327 1146 4389 Acragas.
1161 4326 1231 4376 Pind.
1250 4326 1329 4375 Garun.
1346 4325 1385 4375 01.
1400 4326 1447 4382 111,
1462 4326 1485 4377 3.
1499 4330 1607 4378 κλειναν

424 4408 594 4473 Ἀκράγαντα.
617 4411 688 4475 Pytb.
710 4410 753 4467 vl,
771 4410 794 4459 b.
817 4407 945 4473 ποταμίᾳ
969 4407 994 4456 τ’
1012 4406 1171 4470 Ἀκράγαντι.
1185 4408 1266 4458 Sobel.
1285 4409 1316 4459 td
1333 4407 1403 4458 Pind.
1420 4407 1501 4459 Germ.
1517 4410 1566 4476 01„
1574 4412 1607 4470 11,

425 4493 465 4550 12,
483 4493 522 4551 lo,
542 4493 580 4552 lb,
600 4493 656 4542 lib.

454 4574 478 4636 7)
496 4573 580 4624 Eidem
598 4574 658 4624 valli
676 4581 733 4624 sunt
749 4572 860 4624 nomios:
870 4572 975 4622 Vellons
991 4572 1055 4621 dolls
1072 4572 1198 4637 Oapolina,
1213 4571 1316 4623 anlons
1329 4574 1395 4625 dolls
1409 4575 1492 4633 Crooc,
1507 4575 1608 4626 Vallonc

420 4656 452 4705 di
470 4656 494 4706 S.
511 4656 644 4707 Lsonsrdo.
661 4657 803 4722 Sobobring.
819 4673 843 4707 o.
859 4656 877 4705 l.
895 4671 920 4721 p·
937 4654 1028 4708 ‘1-10.
