3734 5767
1031 748 1070 813 10

454 938 509 1003 sed
538 939 666 1002 nomine
692 936 797 1020 magis
826 952 924 1019 quam
955 949 1075 1014 revera,
1101 947 1176 993 nam
1204 931 1329 1014 ipsein
1351 928 1484 996 Locride
1506 930 1642 1017 degebat

452 1052 484 1109 et
507 1064 605 1108 unum
625 1050 751 1108 tantum
771 1049 895 1127 partem
916 1039 1160 1126 Syracusarum,
1182 1035 1363 1123 Ortygiam,
1382 1058 1479 1123 quam
1497 1039 1641 1126 Nypsius

452 1151 581 1237 quidam
612 1172 669 1235 pro
699 1169 736 1214 eo
767 1147 904 1226 tenebat,
936 1149 969 1210 iu
1001 1165 1059 1210 sua
1089 1150 1245 1228 potestate
1272 1143 1417 1209 habebat.
1442 1144 1530 1209 Alias
1552 1146 1640 1210 urbis

452 1267 558 1343 partes
579 1256 661 1323 Dion
692 1255 875 1339 occupabat,
904 1256 960 1339 qui
982 1252 1145 1338 Nypsium
1169 1249 1342 1316 obsidebat.
1368 1248 1485 1317 Classis
1508 1251 1641 1337 Syracu-

452 1384 536 1447 sana,
558 1366 610 1429 cui
628 1361 712 1427 Dion
731 1360 921 1447 praefecerat
941 1356 1143 1423 Heraclidem
1160 1358 1316 1444 quendam
1330 1361 1385 1443 qui
1397 1357 1480 1424 clam
1494 1357 1640 1445 Dionysii

453 1471 548 1536 rebus
577 1469 703 1534 fauebat
733 1475 765 1533 et
793 1487 849 1552 per
884 1465 1058 1530 Phanacem
1082 1465 1367 1532 Lacedaemonium
1392 1486 1466 1530 cum
1485 1464 1639 1551 Dionysio

454 1597 562 1661 pacem
587 1575 711 1651 fecerat,
734 1577 768 1638 in
790 1581 886 1659 portu
909 1571 1075 1637 Messanae
1098 1576 1132 1638 in
1156 1575 1279 1639 ancoris
1303 1578 1381 1638 erat.

499 1682 635 1756 Pharax,
666 1702 729 1766 quo
760 1700 841 1744 anno
873 1685 982 1764 gestae
1012 1687 1088 1743 sunt
1118 1700 1168 1744 res
1198 1700 1277 1765 quas
1307 1677 1500 1743 Plutarchus
1523 1683 1639 1752 narrat,

452 1795 555 1854 castra
569 1787 729 1852 infinibus
742 1793 890 1871 posuerat
905 1787 1190 1871 Agrigentinorum
1203 1783 1359 1870 Dionique
1371 1783 1476 1850 levem
1487 1782 1641 1847 intulerat

452 1893 583 1960 cladem.
616 1890 830 1959 Commodum
861 1891 944 1956 Dion
975 1911 1119 1978 pugnam
1147 1897 1215 1957 erat
1246 1889 1483 1956 instauraturus
1514 1890 1641 1954 cumei

452 2002 584 2065 nuntius
619 1999 749 2064 affertur
783 1997 987 2063 Heraclidem
1031 2018 1160 2063 ancoras
1202 1996 1372 2062 sustulisse
1413 1995 1641 2083 Syracusisquc

451 2108 713 2192 appropinquare,
737 2126 799 2191 quo
822 2107 935 2170 nuntio
958 2104 1056 2170 allato
1081 2103 1164 2169 Dion
1185 2125 1283 2190 quam
1303 2106 1455 2168 maximis
1472 2103 1641 2168 itineribus

452 2213 548 2277 robur
578 2215 735 2278 exercitus
765 2211 938 2299 Syracusas
969 2210 1106 2288 reduxit,
1140 2232 1202 2295 quo
1230 2231 1293 2275 una
1322 2218 1414 2275 nocte
1437 2211 1550 2274 itinere
1575 2207 1641 2274 700

454 2317 594 2383 stadium
643 2318 794 2393 conlecto,
845 2319 999 2403 pervenit.
1051 2316 1220 2382 Plutarchi
1273 2315 1386 2381 rerba:
1435 2315 1574 2392 Φάρακος
1609 2314 1640 2379 δὲ

455 2427 527 2500 πρὸς
562 2423 628 2508 Νέον
660 2425 749 2488 πόλει
782 2420 971 2503 (Νεαπόλει)
1001 2432 1056 2496 τῆς
1078 2422 1322 2500 Ἀκραγαντίνης
1350 2421 1640 2497 στρατοπεδεύοντος

456 2530 660 2595 Prancrazius
690 2530 801 2595 eodem
831 2528 927 2594 modo
964 2550 1027 2614 quo
1058 2528 1190 2594 Diodori
1216 2529 1312 2594 verba
1335 2528 1373 2594 de
1400 2528 1516 2613 quibus
1546 2546 1642 2611 supra

455 2658 559 2702 sermo
594 2642 673 2713 erat,
713 2657 787 2701 oum
821 2635 961 2721 explicat
1001 2638 1035 2699 in
1077 2636 1213 2700 eundem
1244 2635 1358 2700 incidit
1388 2655 1536 2699 errorem.
1571 2633 1642 2697 Non

455 2745 541 2808 enim
575 2744 591 2815 ἦ
622 2743 848 2819 Ἀκραγαντῖνοι
891 2749 939 2807 est
981 2741 1056 2806 urbs
1098 2741 1152 2807 sed
1187 2744 1387 2806 territorium
1418 2741 1642 2827 Agrigentino·

455 2871 528 2915 rum
566 2855 598 2914 et
631 2857 715 2915 recte
746 2849 855 2914 scribit
885 2847 1119 2934 Sehubringius
1143 2846 1183 2919 ¹3:
1218 2847 1333 2924 „Wiire
1365 2847 1434 2913 hier
1464 2868 1525 2912 rou
1557 2837 1671 2910 einer'

453 2955 603 3041 Neapolis
638 2978 701 3021 ron
736 2955 881 3042 Akragas
913 2954 963 3019 die
995 2953 1081 3019 Rode
1111 2975 1146 3019 so
1178 2953 1284 3019 diirtte
1315 2952 1370 3017 der
1397 2950 1525 3018 Artikel
1554 2953 1643 3016 nicht

452 3061 556 3127 fehlen
575 3063 640 3127 und
662 3069 741 3127 statt
764 3070 819 3136 τῆς
843 3062 1102 3142 Ἀκραγαντίνης,
1127 3059 1260 3126 welches
1284 3081 1346 3125 nur
1367 3059 1423 3125 das
1446 3058 1562 3126 Gebiet
1580 3078 1641 3123 ron

453 3168 600 3255 Akragas
630 3168 820 3252 bezeichnet,
853 3167 962 3233 wiirde
993 3188 1025 3231 es
1055 3168 1181 3232 heiseen
1214 3172 1265 3231 τοῦ
1296 3166 1519 3245 Ἀκράγαντος,
1544 3165 1642 3230 wahr-

453 3274 659 3340 scheinlicher
681 3275 757 3340 aber
779 3279 862 3339 wilre
885 3274 969 3338 daun
988 3273 1169 3358 iuberhaupt
1188 3295 1250 3338 nur
1268 3274 1339 3348 πρὸς
1359 3277 1428 3352 (τῷ)
1448 3270 1640 3350 ’Λκροίραντι

453 3379 602 3466 gesagt.''
633 3377 765 3446 Oladem
789 3383 892 3466 igitur
910 3401 973 3443 non
997 3383 1118 3465 accepit
1141 3378 1224 3444 Dion
1247 3379 1329 3465 apud
1357 3378 1522 3465 „neapolin
1549 3380 1642 3465 Agri-

452 3486 564 3573 genti'’
595 3494 633 3551 ut
665 3488 826 3552 contendit
857 3487 1055 3562 Pancrazius,
1088 3486 1142 3550 sed
1173 3487 1258 3571 apud
1288 3486 1442 3572 oppidum
1472 3485 1640 3572 quoddam,

453 3594 554 3657 situm
576 3595 608 3656 in
632 3596 918 3679 Agrigentinorum
945 3592 1071 3665 fluibus,
1096 3595 1149 3657 cui
1172 3614 1286 3659 nomen
1310 3600 1378 3658 erat
1400 3592 1468 3657 Nea
1490 3591 1541 3657 vel
1561 3590 1641 3656 Nea-

453 3695 546 3784 polis,
577 3700 661 3785 quod
692 3700 847 3786 oppidum
882 3697 946 3763 180
977 3698 1088 3763 stadiis
1119 3700 1158 3764 ab
1189 3701 1367 3786 Agrigento
1389 3700 1507 3764 afuisse
1529 3696 1643 3783 probat

452 3804 696 3892 Sohubriugius.
721 3806 816 3872 Dioni
839 3809 926 3871 enim
949 3804 1122 3891 Syracusas
1146 3805 1247 3871 redire
1270 3811 1376 3871 coacto
1400 3808 1461 3871 iter
1483 3811 1551 3870 erat
1572 3825 1643 3870 con-

452 3911 623 3977 ficiendum
644 3910 709 3978 700
728 3911 879 3977 stadium.
899 3911 1016 3977 Procul
1033 3910 1129 3976 dubio
1148 3914 1201 3977 via
1219 3911 1454 3998 compendiaria
1469 3910 1642 3999 Syracusas

452 4021 653 4104 properarit3
686 4019 921 4105 compendiaria
948 4039 985 4083 ea
1007 4025 1075 4082 erat
1098 4020 1152 4083 via
1174 4038 1254 4104 quae
1277 4019 1398 4084 ferebat
1421 4039 1476 4103 per
1498 4019 1643 4104 regiones

452 4124 574 4189 insulae
611 4124 865 4201 mediterraneas,
901 4145 963 4210 qua
997 4126 1051 4189 ria
1085 4122 1260 4211 Syracusae
1295 4126 1335 4189 ab
1369 4125 1546 4211 Agrigento
1577 4122 1642 4189 880

453 4230 565 4297 stadiis
587 4232 717 4296 aberant
728 4231 765 4312 ²).
789 4231 912 4297 Locum
935 4233 1038 4317 igitur
1056 4231 1111 4295 ubi
1131 4230 1254 4295 Pharax
1278 4229 1372 4297 Dioni
1391 4230 1514 4296 cladem
1532 4228 1643 4295 intulit

491 4506 514 4567 1)
531 4504 674 4568 Schubring.
692 4520 714 4553 o.
731 4504 749 4554 l.
767 4520 791 4569 p.
809 4503 832 4553 8.

488 4587 513 4648 2)
531 4587 673 4651 Schubriug.
698 4603 720 4636 o.
737 4587 755 4636 1.
778 4603 801 4651 p.
822 4586 837 4634 8
856 4624 862 4634 .
882 4618 912 4634 ..
939 4583 978 4634 dia
1007 4585 1078 4634 Studt
1102 4585 1210 4646 Akragas
1234 4585 1267 4634 ist
1289 4601 1335 4635 uon
1358 4587 1464 4651 Syrakus
1486 4586 1511 4636 in
1536 4586 1643 4636 direkter

456 4669 525 4719 Liuio
549 4671 655 4720 entlarut
677 4670 709 4720 98
732 4669 894 4719 sicilianische
920 4666 1015 4717 Millieu
1040 4669 1098 4717 odor
1123 4667 1172 4720 '184
1188 4667 1302 4728 Studium
1327 4670 1428 4719 uuidar
1445 4669 1533 4719 humen
1549 4669 1642 4720 Samara
