<?xml version="1.0" encoding="UTF-8"?>
<!DOCTYPE html PUBLIC "-//W3C//DTD XHTML 1.0 Transitional//EN"
    "http://www.w3.org/TR/xhtml1/DTD/xhtml1-transitional.dtd">
<html xmlns="http://www.w3.org/1999/xhtml" xml:lang="en" lang="en">
 <head>
  <title>
</title>
<meta http-equiv="Content-Type" content="text/html;charset=utf-8" />
  <meta name='ocr-system' content='tesseract 3.04.00' />
  <meta name='ocr-capabilities' content='ocr_page ocr_carea ocr_par ocr_line ocrx_word'/>
</head>
<body>
  <div class='ocr_page' id='page_1' title='image "./deurbeagrigenti00hagtgoog_0092.png"; bbox 0 0 3734 5767; ppageno 0'>
   <div class='ocr_carea' id='block_1_1' title="bbox 998 749 1041 816">
    <p class='ocr_par' dir='ltr' id='par_1_1' title="bbox 998 749 1041 816">
     <span class='ocr_line' id='line_1_1' title="bbox 998 749 1041 816; baseline -0.047 0"><span class='ocrx_word' id='word_1_1' title='bbox 998 749 1041 816; x_wconf 82' lang='lat'><strong>78</strong></span> 
     </span>
    </p>
   </div>
   <div class='ocr_carea' id='block_1_2' title="bbox 421 932 1617 4544">
    <p class='ocr_par' dir='ltr' id='par_1_2' title="bbox 423 932 1614 1236">
     <span class='ocr_line' id='line_1_2' title="bbox 424 932 1614 1022; baseline -0.001 -20"><span class='ocrx_word' id='word_1_2' title='bbox 424 945 461 1002; x_wconf 92' lang='lat' dir='ltr'><strong>nt</strong></span> <span class='ocrx_word' id='word_1_3' title='bbox 491 936 616 1001; x_wconf 89' lang='lat' dir='ltr'><strong>hostem</strong></span> <span class='ocrx_word' id='word_1_4' title='bbox 647 934 846 1019; x_wconf 84' lang='lat' dir='ltr'><strong>praeveniret</strong></span> <span class='ocrx_word' id='word_1_5' title='bbox 870 932 1057 999; x_wconf 77' lang='lat' dir='ltr'><strong>festinanter</strong></span> <span class='ocrx_word' id='word_1_6' title='bbox 1080 934 1274 1000; x_wconf 87' lang='lat' dir='ltr'><strong>tedenderat.</strong></span> <span class='ocrx_word' id='word_1_7' title='bbox 1299 934 1378 1000; x_wconf 83' lang='lat' dir='ltr'>Post</span> <span class='ocrx_word' id='word_1_8' title='bbox 1399 934 1572 1022; x_wconf 75' lang='lat' dir='ltr'>Syracusas</span> <span class='ocrx_word' id='word_1_9' title='bbox 1596 956 1614 1001; x_wconf 93' lang='lat' dir='ltr'><strong>a</strong></span> 
     </span>
     <span class='ocr_line' id='line_1_3' title="bbox 423 1038 1611 1126; baseline -0.003 -17"><span class='ocrx_word' id='word_1_10' title='bbox 423 1041 577 1109; x_wconf 88' lang='lat' dir='ltr'><strong>Marcello</strong></span> <span class='ocrx_word' id='word_1_11' title='bbox 594 1048 702 1126; x_wconf 87' lang='lat' dir='ltr'><strong>captas</strong></span> <span class='ocrx_word' id='word_1_12' title='bbox 720 1038 881 1124; x_wconf 87' lang='lat' dir='ltr'><strong>plerisque</strong></span> <span class='ocrx_word' id='word_1_13' title='bbox 900 1039 1034 1105; x_wconf 83' lang='lat' dir='ltr'>urbibus</span> <span class='ocrx_word' id='word_1_14' title='bbox 1052 1041 1175 1106; x_wconf 91' lang='lat' dir='ltr'><strong>insulae</strong></span> <span class='ocrx_word' id='word_1_15' title='bbox 1196 1040 1350 1107; x_wconf 88' lang='lat' dir='ltr'><strong>Romanis</strong></span> <span class='ocrx_word' id='word_1_16' title='bbox 1365 1061 1398 1106; x_wconf 90' lang='lat' dir='ltr'><strong>se</strong></span> <span class='ocrx_word' id='word_1_17' title='bbox 1415 1042 1611 1125; x_wconf 71' lang='lat' dir='ltr'><strong>dedentibus,</strong></span> 
     </span>
     <span class='ocr_line' id='line_1_4' title="bbox 423 1143 1401 1236; baseline -0.001 -23"><span class='ocrx_word' id='word_1_18' title='bbox 423 1152 640 1236; x_wconf 79' lang='lat' dir='ltr'><strong>Agrigentum</strong></span> <span class='ocrx_word' id='word_1_19' title='bbox 665 1143 981 1232; x_wconf 75' lang='lat' dir='ltr'><strong>Carthaginiensium</strong></span> <span class='ocrx_word' id='word_1_20' title='bbox 1004 1150 1037 1211; x_wconf 87' lang='lat' dir='ltr'><strong>iu</strong></span> <span class='ocrx_word' id='word_1_21' title='bbox 1062 1153 1220 1234; x_wconf 84' lang='lat' dir='ltr'><strong>potestate</strong></span> <span class='ocrx_word' id='word_1_22' title='bbox 1242 1149 1401 1214; x_wconf 87' lang='lat' dir='ltr'><strong>manebat.</strong></span> 
     </span>
    </p>

    <p class='ocr_par' dir='ltr' id='par_1_3' title="bbox 421 1253 1617 4544">
     <span class='ocr_line' id='line_1_5' title="bbox 470 1253 1613 1341; baseline -0.001 -21"><span class='ocrx_word' id='word_1_23' title='bbox 470 1257 641 1322; x_wconf 87' lang='lat' dir='ltr'><strong>Praeerant</strong></span> <span class='ocrx_word' id='word_1_24' title='bbox 671 1261 747 1318; x_wconf 90' lang='lat' dir='ltr'><strong>tunc</strong></span> <span class='ocrx_word' id='word_1_25' title='bbox 778 1253 849 1318; x_wconf 91' lang='lat' dir='ltr'><strong>urbi</strong></span> <span class='ocrx_word' id='word_1_26' title='bbox 879 1260 943 1318; x_wconf 89' lang='lat' dir='ltr'><strong>tres</strong></span> <span class='ocrx_word' id='word_1_27' title='bbox 975 1253 1080 1331; x_wconf 87' lang='lat' dir='ltr'><strong>duces,</strong></span> <span class='ocrx_word' id='word_1_28' title='bbox 1102 1253 1270 1341; x_wconf 85' lang='lat' dir='ltr'><strong>Epicydes,</strong></span> <span class='ocrx_word' id='word_1_29' title='bbox 1293 1253 1419 1332; x_wconf 86' lang='lat' dir='ltr'><strong>Hanno,</strong></span> <span class='ocrx_word' id='word_1_30' title='bbox 1443 1254 1613 1320; x_wconf 89' lang='lat' dir='ltr'><strong>Muttines.</strong></span> 
     </span>
     <span class='ocr_line' id='line_1_6' title="bbox 423 1359 1614 1447; baseline -0.003 -18"><span class='ocrx_word' id='word_1_31' title='bbox 423 1363 570 1439; x_wconf 89' lang='lat' dir='ltr'><strong>Muttini,</strong></span> <span class='ocrx_word' id='word_1_32' title='bbox 602 1367 682 1427; x_wconf 87' lang='lat' dir='ltr'><strong>teste</strong></span> <span class='ocrx_word' id='word_1_33' title='bbox 712 1359 806 1425; x_wconf 80' lang='lat' dir='ltr'><strong>Livio</strong></span> <span class='ocrx_word' id='word_1_34' title='bbox 821 1360 856 1440; x_wconf 90' lang='lat'><strong>¹),</strong></span> <span class='ocrx_word' id='word_1_35' title='bbox 882 1360 942 1436; x_wconf 88' lang='lat' dir='ltr'><strong>„ab</strong></span> <span class='ocrx_word' id='word_1_36' title='bbox 965 1359 1109 1447; x_wconf 83' lang='lat' dir='ltr'><strong>Epicyde</strong></span> <span class='ocrx_word' id='word_1_37' title='bbox 1132 1369 1164 1425; x_wconf 91' lang='lat' dir='ltr'><strong>et</strong></span> <span class='ocrx_word' id='word_1_38' title='bbox 1187 1361 1343 1427; x_wconf 90' lang='lat' dir='ltr'><strong>Hannone</strong></span> <span class='ocrx_word' id='word_1_39' title='bbox 1365 1361 1525 1426; x_wconf 89' lang='lat' dir='ltr'><strong>Numidae</strong></span> <span class='ocrx_word' id='word_1_40' title='bbox 1546 1361 1614 1427; x_wconf 90' lang='lat' dir='ltr'><strong>dati</strong></span> 
     </span>
     <span class='ocr_line' id='line_1_7' title="bbox 422 1467 1613 1554; baseline -0.003 -19"><span class='ocrx_word' id='word_1_41' title='bbox 422 1469 604 1551; x_wconf 84' lang='lat' dir='ltr'><strong>auxiliares,</strong></span> <span class='ocrx_word' id='word_1_42' title='bbox 636 1487 711 1532; x_wconf 90' lang='lat' dir='ltr'><strong>cum</strong></span> <span class='ocrx_word' id='word_1_43' title='bbox 742 1467 860 1552; x_wconf 91' lang='lat' dir='ltr'><strong>quibus</strong></span> <span class='ocrx_word' id='word_1_44' title='bbox 889 1468 937 1531; x_wconf 92' lang='lat' dir='ltr'><strong>ita</strong></span> <span class='ocrx_word' id='word_1_45' title='bbox 964 1473 1159 1553; x_wconf 85' lang='lat' dir='ltr'><strong>pervagatus</strong></span> <span class='ocrx_word' id='word_1_46' title='bbox 1188 1479 1242 1533; x_wconf 82' lang='lat' dir='ltr'><strong>est</strong></span> <span class='ocrx_word' id='word_1_47' title='bbox 1266 1467 1409 1532; x_wconf 90' lang='lat' dir='ltr'><strong>hostium</strong></span> <span class='ocrx_word' id='word_1_48' title='bbox 1440 1489 1545 1554; x_wconf 91' lang='lat' dir='ltr'><strong>agros,</strong></span> <span class='ocrx_word' id='word_1_49' title='bbox 1567 1470 1613 1532; x_wconf 92' lang='lat' dir='ltr'><strong>ita</strong></span> 
     </span>
     <span class='ocr_line' id='line_1_8' title="bbox 423 1571 1614 1658; baseline -0.004 -16"><span class='ocrx_word' id='word_1_50' title='bbox 423 1579 523 1644; x_wconf 91' lang='lat' dir='ltr'><strong>socios</strong></span> <span class='ocrx_word' id='word_1_51' title='bbox 553 1574 592 1640; x_wconf 86' lang='lat' dir='ltr'><strong>ad</strong></span> <span class='ocrx_word' id='word_1_52' title='bbox 624 1572 803 1638; x_wconf 90' lang='lat' dir='ltr'><strong>retinendos</strong></span> <span class='ocrx_word' id='word_1_53' title='bbox 832 1575 866 1636; x_wconf 92' lang='lat' dir='ltr'><strong>in</strong></span> <span class='ocrx_word' id='word_1_54' title='bbox 896 1571 959 1638; x_wconf 85' lang='lat' dir='ltr'><strong>tide</strong></span> <span class='ocrx_word' id='word_1_55' title='bbox 981 1575 1107 1638; x_wconf 87' lang='lat' dir='ltr'><strong>animos</strong></span> <span class='ocrx_word' id='word_1_56' title='bbox 1128 1595 1240 1638; x_wconf 91' lang='lat' dir='ltr'><strong>eornm</strong></span> <span class='ocrx_word' id='word_1_57' title='bbox 1262 1572 1390 1639; x_wconf 83' lang='lat' dir='ltr'><strong>terendo</strong></span> <span class='ocrx_word' id='word_1_58' title='bbox 1412 1576 1446 1638; x_wconf 95' lang='lat' dir='ltr'><strong>in</strong></span> <span class='ocrx_word' id='word_1_59' title='bbox 1470 1581 1614 1658; x_wconf 90' lang='lat' dir='ltr'><strong>tempore</strong></span> 
     </span>
     <span class='ocr_line' id='line_1_9' title="bbox 422 1679 1614 1769; baseline -0.004 -20"><span class='ocrx_word' id='word_1_60' title='bbox 422 1686 537 1769; x_wconf 87' lang='lat' dir='ltr'><strong>cuique</strong></span> <span class='ocrx_word' id='word_1_61' title='bbox 559 1679 717 1747; x_wconf 74' lang='lat' dir='ltr'><strong>auxilium</strong></span> <span class='ocrx_word' id='word_1_62' title='bbox 737 1679 827 1756; x_wconf 89' lang='lat' dir='ltr'><strong>adiit,</strong></span> <span class='ocrx_word' id='word_1_63' title='bbox 848 1686 885 1743; x_wconf 91' lang='lat' dir='ltr'><strong>ut</strong></span> <span class='ocrx_word' id='word_1_64' title='bbox 903 1680 993 1744; x_wconf 84' lang='lat' dir='ltr'><strong>brevi</strong></span> <span class='ocrx_word' id='word_1_65' title='bbox 1014 1688 1157 1766; x_wconf 90' lang='lat' dir='ltr'><strong>tempore</strong></span> <span class='ocrx_word' id='word_1_66' title='bbox 1177 1689 1281 1745; x_wconf 83' lang='lat' dir='ltr'><strong>totam</strong></span> <span class='ocrx_word' id='word_1_67' title='bbox 1299 1680 1443 1746; x_wconf 83' lang='lat' dir='ltr'><strong>Siciliam</strong></span> <span class='ocrx_word' id='word_1_68' title='bbox 1464 1679 1614 1766; x_wconf 90' lang='lat' dir='ltr'><strong>impleret</strong></span> 
     </span>
     <span class='ocr_line' id='line_1_10' title="bbox 422 1783 1614 1871; baseline -0.004 -17"><span class='ocrx_word' id='word_1_69' title='bbox 422 1790 561 1854; x_wconf 88' lang='lat' dir='ltr'><strong>nominis</strong></span> <span class='ocrx_word' id='word_1_70' title='bbox 592 1789 643 1851; x_wconf 89' lang='lat' dir='ltr'><strong>sui</strong></span> <span class='ocrx_word' id='word_1_71' title='bbox 672 1807 730 1851; x_wconf 91' lang='lat' dir='ltr'><strong>nec</strong></span> <span class='ocrx_word' id='word_1_72' title='bbox 760 1806 831 1870; x_wconf 92' lang='lat' dir='ltr'><strong>spes</strong></span> <span class='ocrx_word' id='word_1_73' title='bbox 861 1783 925 1850; x_wconf 88' lang='lat' dir='ltr'><strong>alia</strong></span> <span class='ocrx_word' id='word_1_74' title='bbox 954 1788 1056 1851; x_wconf 90' lang='lat' dir='ltr'><strong>maior</strong></span> <span class='ocrx_word' id='word_1_75' title='bbox 1086 1786 1171 1871; x_wconf 92' lang='lat' dir='ltr'><strong>apud</strong></span> <span class='ocrx_word' id='word_1_76' title='bbox 1194 1786 1330 1851; x_wconf 86' lang='lat' dir='ltr'><strong>faventis</strong></span> <span class='ocrx_word' id='word_1_77' title='bbox 1360 1788 1454 1852; x_wconf 89' lang='lat' dir='ltr'><strong>rebus</strong></span> <span class='ocrx_word' id='word_1_78' title='bbox 1485 1785 1614 1852; x_wconf 86' lang='lat' dir='ltr'><strong>Cartha·</strong></span> 
     </span>
     <span class='ocr_line' id='line_1_11' title="bbox 421 1892 1614 1985; baseline -0.006 -22"><span class='ocrx_word' id='word_1_79' title='bbox 421 1898 618 1985; x_wconf 86' lang='lat' dir='ltr'><strong>giniensinm</strong></span> <span class='ocrx_word' id='word_1_80' title='bbox 657 1901 750 1960; x_wconf 89' lang='lat' dir='ltr'><strong>esset.</strong></span> <span class='ocrx_word' id='word_1_81' title='bbox 785 1892 898 1979; x_wconf 88' lang='lat' dir='ltr'><strong>ltaque</strong></span> <span class='ocrx_word' id='word_1_82' title='bbox 930 1892 1046 1959; x_wconf 84' lang='lat' dir='ltr'><strong>inclusi</strong></span> <span class='ocrx_word' id='word_1_83' title='bbox 1081 1894 1120 1958; x_wconf 89' lang='lat' dir='ltr'><strong>ad</strong></span> <span class='ocrx_word' id='word_1_84' title='bbox 1156 1893 1252 1972; x_wconf 87' lang='lat' dir='ltr'><strong>&lt;id&gt;</strong></span> <span class='ocrx_word' id='word_1_85' title='bbox 1286 1901 1414 1979; x_wconf 91' lang='lat' dir='ltr'><strong>tempus</strong></span> <span class='ocrx_word' id='word_1_86' title='bbox 1448 1894 1614 1958; x_wconf 93' lang='lat' dir='ltr'><strong>moenibus</strong></span> 
     </span>
     <span class='ocr_line' id='line_1_12' title="bbox 423 1998 1615 2090; baseline -0.004 -23"><span class='ocrx_word' id='word_1_87' title='bbox 423 2005 594 2090; x_wconf 73' lang='lat' dir='ltr'><strong>Agrigenti</strong></span> <span class='ocrx_word' id='word_1_88' title='bbox 634 2001 699 2066; x_wconf 83' lang='lat' dir='ltr'><strong>dur</strong></span> <span class='ocrx_word' id='word_1_89' title='bbox 731 2000 858 2064; x_wconf 91' lang='lat' dir='ltr'><strong>Poenus</strong></span> <span class='ocrx_word' id='word_1_90' title='bbox 889 1998 1170 2086; x_wconf 80' lang='lat' dir='ltr'><strong>Syracusanusque</strong></span> <span class='ocrx_word' id='word_1_91' title='bbox 1205 2022 1267 2066; x_wconf 93' lang='lat' dir='ltr'><strong>non</strong></span> <span class='ocrx_word' id='word_1_92' title='bbox 1297 1999 1428 2067; x_wconf 90' lang='lat' dir='ltr'><strong>consilio</strong></span> <span class='ocrx_word' id='word_1_93' title='bbox 1459 1999 1615 2063; x_wconf 86' lang='lat' dir='ltr'><strong>Muttinis</strong></span> 
     </span>
     <span class='ocr_line' id='line_1_13' title="bbox 423 2105 1613 2197; baseline -0.005 -22"><span class='ocrx_word' id='word_1_94' title='bbox 423 2130 520 2197; x_wconf 90' lang='lat' dir='ltr'><strong>quam</strong></span> <span class='ocrx_word' id='word_1_95' title='bbox 541 2108 657 2173; x_wconf 87' lang='lat' dir='ltr'><strong>fiducia</strong></span> <span class='ocrx_word' id='word_1_96' title='bbox 675 2108 781 2194; x_wconf 88' lang='lat' dir='ltr'><strong>magis</strong></span> <span class='ocrx_word' id='word_1_97' title='bbox 799 2108 869 2170; x_wconf 92' lang='lat' dir='ltr'><strong>ansi</strong></span> <span class='ocrx_word' id='word_1_98' title='bbox 887 2105 997 2193; x_wconf 87' lang='lat' dir='ltr'><strong>egredi</strong></span> <span class='ocrx_word' id='word_1_99' title='bbox 1017 2112 1108 2171; x_wconf 86' lang='lat' dir='ltr'><strong>extra</strong></span> <span class='ocrx_word' id='word_1_100' title='bbox 1126 2128 1235 2171; x_wconf 89' lang='lat' dir='ltr'><strong>muros</strong></span> <span class='ocrx_word' id='word_1_101' title='bbox 1251 2106 1290 2172; x_wconf 88' lang='lat' dir='ltr'><strong>sd</strong></span> <span class='ocrx_word' id='word_1_102' title='bbox 1301 2106 1469 2172; x_wconf 87' lang='lat' dir='ltr'><strong>Himeram</strong></span> <span class='ocrx_word' id='word_1_103' title='bbox 1485 2126 1613 2171; x_wconf 89' lang='lat' dir='ltr'><strong>emnem</strong></span> 
     </span>
     <span class='ocr_line' id='line_1_14' title="bbox 423 2211 1614 2304; baseline -0.004 -22"><span class='ocrx_word' id='word_1_104' title='bbox 423 2221 599 2304; x_wconf 88' lang='lat' dir='ltr'><strong>posuerunt</strong></span> <span class='ocrx_word' id='word_1_105' title='bbox 616 2219 729 2280; x_wconf 87' lang='lat' dir='ltr'><strong>castra.</strong></span> <span class='ocrx_word' id='word_1_106' title='bbox 750 2212 841 2293; x_wconf 80' lang='lat' dir='ltr'><strong>Quod</strong></span> <span class='ocrx_word' id='word_1_107' title='bbox 860 2213 916 2277; x_wconf 94' lang='lat' dir='ltr'><strong>ubi</strong></span> <span class='ocrx_word' id='word_1_108' title='bbox 936 2212 1093 2298; x_wconf 92' lang='lat' dir='ltr'><strong>perlatum</strong></span> <span class='ocrx_word' id='word_1_109' title='bbox 1116 2213 1155 2277; x_wconf 93' lang='lat' dir='ltr'><strong>ad</strong></span> <span class='ocrx_word' id='word_1_110' title='bbox 1171 2212 1364 2279; x_wconf 84' lang='lat' dir='ltr'><strong>Marcellum</strong></span> <span class='ocrx_word' id='word_1_111' title='bbox 1379 2217 1438 2290; x_wconf 87' lang='lat' dir='ltr'><strong>est,</strong></span> <span class='ocrx_word' id='word_1_112' title='bbox 1453 2211 1614 2298; x_wconf 80' lang='lat' dir='ltr'><strong>extemplo</strong></span> 
     </span>
     <span class='ocr_line' id='line_1_15' title="bbox 424 2319 1615 2410; baseline -0.005 -21"><span class='ocrx_word' id='word_1_113' title='bbox 424 2326 532 2410; x_wconf 91' lang='lat' dir='ltr'><strong>copias</strong></span> <span class='ocrx_word' id='word_1_114' title='bbox 548 2324 653 2387; x_wconf 82' lang='lat' dir='ltr'><strong>movit</strong></span> <span class='ocrx_word' id='word_1_115' title='bbox 675 2326 708 2386; x_wconf 93' lang='lat' dir='ltr'><strong>et</strong></span> <span class='ocrx_word' id='word_1_116' title='bbox 732 2320 770 2385; x_wconf 92' lang='lat' dir='ltr'><strong>ab</strong></span> <span class='ocrx_word' id='word_1_117' title='bbox 793 2319 886 2385; x_wconf 91' lang='lat' dir='ltr'><strong>hoste</strong></span> <span class='ocrx_word' id='word_1_118' title='bbox 909 2326 1061 2405; x_wconf 88' lang='lat' dir='ltr'><strong>quattuor</strong></span> <span class='ocrx_word' id='word_1_119' title='bbox 1083 2319 1184 2385; x_wconf 87' lang='lat' dir='ltr'><strong>ferme</strong></span> <span class='ocrx_word' id='word_1_120' title='bbox 1206 2320 1335 2385; x_wconf 89' lang='lat' dir='ltr'><strong>milium</strong></span> <span class='ocrx_word' id='word_1_121' title='bbox 1359 2319 1528 2385; x_wconf 83' lang='lat' dir='ltr'><strong>intervallo</strong></span> <span class='ocrx_word' id='word_1_122' title='bbox 1543 2340 1615 2383; x_wconf 92' lang='lat' dir='ltr'><strong>con·</strong></span> 
     </span>
     <span class='ocr_line' id='line_1_16' title="bbox 424 2426 1615 2514; baseline -0.005 -19"><span class='ocrx_word' id='word_1_123' title='bbox 424 2429 517 2506; x_wconf 90' lang='lat' dir='ltr'><strong>sedit,</strong></span> <span class='ocrx_word' id='word_1_124' title='bbox 541 2426 619 2514; x_wconf 92' lang='lat' dir='ltr'><strong>quid</strong></span> <span class='ocrx_word' id='word_1_125' title='bbox 641 2433 773 2513; x_wconf 86' lang='lat' dir='ltr'><strong>agerent</strong></span> <span class='ocrx_word' id='word_1_126' title='bbox 797 2433 996 2511; x_wconf 86' lang='lat' dir='ltr'><strong>pararentve,</strong></span> <span class='ocrx_word' id='word_1_127' title='bbox 1021 2433 1257 2511; x_wconf 83' lang='lat' dir='ltr'><strong>expectaturus.</strong></span> <span class='ocrx_word' id='word_1_128' title='bbox 1280 2427 1343 2492; x_wconf 75' lang='lat' dir='ltr'><strong>Sed</strong></span> <span class='ocrx_word' id='word_1_129' title='bbox 1365 2426 1493 2491; x_wconf 92' lang='lat' dir='ltr'><strong>nullum</strong></span> <span class='ocrx_word' id='word_1_130' title='bbox 1513 2445 1615 2511; x_wconf 89' lang='lat' dir='ltr'><strong>neque</strong></span> 
     </span>
     <span class='ocr_line' id='line_1_17' title="bbox 422 2533 1616 2620; baseline -0.004 -18"><span class='ocrx_word' id='word_1_131' title='bbox 422 2536 532 2603; x_wconf 92' lang='lat' dir='ltr'><strong>locum</strong></span> <span class='ocrx_word' id='word_1_132' title='bbox 554 2555 656 2620; x_wconf 91' lang='lat' dir='ltr'><strong>neque</strong></span> <span class='ocrx_word' id='word_1_133' title='bbox 680 2541 809 2618; x_wconf 91' lang='lat' dir='ltr'><strong>tempus</strong></span> <span class='ocrx_word' id='word_1_134' title='bbox 828 2535 1025 2599; x_wconf 87' lang='lat' dir='ltr'><strong>cunctationi</strong></span> <span class='ocrx_word' id='word_1_135' title='bbox 1042 2533 1215 2600; x_wconf 79' lang='lat' dir='ltr'><strong>consiliove</strong></span> <span class='ocrx_word' id='word_1_136' title='bbox 1234 2533 1322 2599; x_wconf 87' lang='lat' dir='ltr'><strong>dedit</strong></span> <span class='ocrx_word' id='word_1_137' title='bbox 1333 2533 1502 2617; x_wconf 85' lang='lat' dir='ltr'><strong>Muttines,</strong></span> <span class='ocrx_word' id='word_1_138' title='bbox 1516 2540 1616 2598; x_wconf 90' lang='lat' dir='ltr'><strong>trans-</strong></span> 
     </span>
     <span class='ocr_line' id='line_1_18' title="bbox 422 2640 1615 2730; baseline -0.003 -23"><span class='ocrx_word' id='word_1_139' title='bbox 422 2663 553 2730; x_wconf 84' lang='lat' dir='ltr'><strong>gressus</strong></span> <span class='ocrx_word' id='word_1_140' title='bbox 583 2661 711 2707; x_wconf 88' lang='lat' dir='ltr'><strong>amnem</strong></span> <span class='ocrx_word' id='word_1_141' title='bbox 741 2661 777 2706; x_wconf 91' lang='lat' dir='ltr'><strong>ac</strong></span> <span class='ocrx_word' id='word_1_142' title='bbox 811 2641 1004 2706; x_wconf 90' lang='lat' dir='ltr'><strong>stationibus</strong></span> <span class='ocrx_word' id='word_1_143' title='bbox 1026 2640 1170 2706; x_wconf 90' lang='lat' dir='ltr'><strong>hostium</strong></span> <span class='ocrx_word' id='word_1_144' title='bbox 1193 2662 1267 2706; x_wconf 91' lang='lat' dir='ltr'><strong>cum</strong></span> <span class='ocrx_word' id='word_1_145' title='bbox 1289 2644 1416 2727; x_wconf 88' lang='lat' dir='ltr'><strong>ingenti</strong></span> <span class='ocrx_word' id='word_1_146' title='bbox 1439 2649 1557 2706; x_wconf 90' lang='lat' dir='ltr'><strong>terrore</strong></span> <span class='ocrx_word' id='word_1_147' title='bbox 1579 2660 1615 2704; x_wconf 90' lang='lat' dir='ltr'><strong>ac</strong></span> 
     </span>
     <span class='ocr_line' id='line_1_19' title="bbox 423 2746 1616 2834; baseline -0.004 -19"><span class='ocrx_word' id='word_1_148' title='bbox 423 2748 571 2815; x_wconf 90' lang='lat' dir='ltr'><strong>tumultu</strong></span> <span class='ocrx_word' id='word_1_149' title='bbox 607 2750 762 2812; x_wconf 87' lang='lat' dir='ltr'><strong>invectus.</strong></span> <span class='ocrx_word' id='word_1_150' title='bbox 796 2747 931 2812; x_wconf 90' lang='lat' dir='ltr'><strong>Postero</strong></span> <span class='ocrx_word' id='word_1_151' title='bbox 966 2746 1017 2812; x_wconf 91' lang='lat' dir='ltr'><strong>die</strong></span> <span class='ocrx_word' id='word_1_152' title='bbox 1051 2768 1149 2834; x_wconf 89' lang='lat' dir='ltr'><strong>prope</strong></span> <span class='ocrx_word' id='word_1_153' title='bbox 1182 2750 1269 2813; x_wconf 88' lang='lat' dir='ltr'><strong>iusto</strong></span> <span class='ocrx_word' id='word_1_154' title='bbox 1302 2747 1422 2833; x_wconf 89' lang='lat' dir='ltr'><strong>proelio</strong></span> <span class='ocrx_word' id='word_1_155' title='bbox 1458 2746 1616 2833; x_wconf 91' lang='lat' dir='ltr'><strong>compulit</strong></span> 
     </span>
     <span class='ocr_line' id='line_1_20' title="bbox 422 2852 1614 2921; baseline -0.003 0"><span class='ocrx_word' id='word_1_156' title='bbox 422 2856 529 2921; x_wconf 90' lang='lat' dir='ltr'><strong>hostes</strong></span> <span class='ocrx_word' id='word_1_157' title='bbox 559 2858 645 2919; x_wconf 90' lang='lat' dir='ltr'><strong>iutra</strong></span> <span class='ocrx_word' id='word_1_158' title='bbox 674 2855 886 2918; x_wconf 89' lang='lat' dir='ltr'><strong>munimenta.</strong></span> <span class='ocrx_word' id='word_1_159' title='bbox 917 2852 996 2918; x_wconf 91' lang='lat' dir='ltr'><strong>Inde</strong></span> <span class='ocrx_word' id='word_1_160' title='bbox 1026 2865 1193 2918; x_wconf 86' lang='lat' dir='ltr'><strong>revocatus</strong></span> <span class='ocrx_word' id='word_1_161' title='bbox 1224 2853 1377 2920; x_wconf 90' lang='lat' dir='ltr'><strong>seditione</strong></span> <span class='ocrx_word' id='word_1_162' title='bbox 1399 2854 1614 2920; x_wconf 90' lang='lat' dir='ltr'><strong>Numidarum</strong></span> 
     </span>
     <span class='ocr_line' id='line_1_21' title="bbox 422 2960 1614 3038; baseline -0.003 -10"><span class='ocrx_word' id='word_1_163' title='bbox 422 2965 456 3028; x_wconf 94' lang='lat' dir='ltr'><strong>in</strong></span> <span class='ocrx_word' id='word_1_164' title='bbox 487 2965 598 3028; x_wconf 89' lang='lat' dir='ltr'><strong>castris</strong></span> <span class='ocrx_word' id='word_1_165' title='bbox 627 2961 721 3038; x_wconf 81' lang='lat' dir='ltr'><strong>iacta,</strong></span> <span class='ocrx_word' id='word_1_166' title='bbox 745 2981 819 3025; x_wconf 91' lang='lat' dir='ltr'><strong>cum</strong></span> <span class='ocrx_word' id='word_1_167' title='bbox 842 2964 977 3025; x_wconf 87' lang='lat' dir='ltr'><strong>trecenti</strong></span> <span class='ocrx_word' id='word_1_168' title='bbox 999 2960 1100 3025; x_wconf 88' lang='lat' dir='ltr'><strong>ferme</strong></span> <span class='ocrx_word' id='word_1_169' title='bbox 1123 2981 1234 3026; x_wconf 92' lang='lat' dir='ltr'><strong>eorum</strong></span> <span class='ocrx_word' id='word_1_170' title='bbox 1259 2960 1447 3027; x_wconf 86' lang='lat' dir='ltr'><strong>Heracleam</strong></span> <span class='ocrx_word' id='word_1_171' title='bbox 1469 2960 1614 3026; x_wconf 90' lang='lat' dir='ltr'><strong>Minoam</strong></span> 
     </span>
     <span class='ocr_line' id='line_1_22' title="bbox 422 3067 1615 3154; baseline -0.003 -18"><span class='ocrx_word' id='word_1_172' title='bbox 422 3072 660 3145; x_wconf 89' lang='lat' dir='ltr'><strong>concessissent,</strong></span> <span class='ocrx_word' id='word_1_173' title='bbox 684 3067 723 3132; x_wconf 88' lang='lat' dir='ltr'><strong>ad</strong></span> <span class='ocrx_word' id='word_1_174' title='bbox 746 3067 942 3154; x_wconf 90' lang='lat' dir='ltr'><strong>mitigandos</strong></span> <span class='ocrx_word' id='word_1_175' title='bbox 965 3067 1218 3153; x_wconf 85' lang='lat' dir='ltr'><strong>revocandosque</strong></span> <span class='ocrx_word' id='word_1_176' title='bbox 1240 3089 1293 3133; x_wconf 90' lang='lat' dir='ltr'><strong>eos</strong></span> <span class='ocrx_word' id='word_1_177' title='bbox 1316 3068 1477 3154; x_wconf 87' lang='lat' dir='ltr'><strong>profectus</strong></span> <span class='ocrx_word' id='word_1_178' title='bbox 1498 3087 1615 3153; x_wconf 87' lang='lat' dir='ltr'><strong>magno</strong></span> 
     </span>
     <span class='ocr_line' id='line_1_23' title="bbox 424 3174 1614 3262; baseline -0.003 -20"><span class='ocrx_word' id='word_1_179' title='bbox 424 3197 517 3262; x_wconf 91' lang='lat' dir='ltr'><strong>opere</strong></span> <span class='ocrx_word' id='word_1_180' title='bbox 547 3178 709 3240; x_wconf 89' lang='lat' dir='ltr'><strong>monuisse</strong></span> <span class='ocrx_word' id='word_1_181' title='bbox 740 3174 835 3239; x_wconf 88' lang='lat' dir='ltr'><strong>duces</strong></span> <span class='ocrx_word' id='word_1_182' title='bbox 866 3174 994 3251; x_wconf 86' lang='lat' dir='ltr'><strong>dicitur,</strong></span> <span class='ocrx_word' id='word_1_183' title='bbox 1017 3195 1057 3239; x_wconf 93' lang='lat' dir='ltr'><strong>ne</strong></span> <span class='ocrx_word' id='word_1_184' title='bbox 1081 3175 1209 3240; x_wconf 85' lang='lat' dir='ltr'><strong>absente</strong></span> <span class='ocrx_word' id='word_1_185' title='bbox 1232 3196 1265 3240; x_wconf 92' lang='lat' dir='ltr'><strong>se</strong></span> <span class='ocrx_word' id='word_1_186' title='bbox 1288 3197 1363 3240; x_wconf 91' lang='lat' dir='ltr'><strong>cum</strong></span> <span class='ocrx_word' id='word_1_187' title='bbox 1386 3175 1477 3241; x_wconf 88' lang='lat' dir='ltr'><strong>hoste</strong></span> <span class='ocrx_word' id='word_1_188' title='bbox 1500 3195 1614 3240; x_wconf 92' lang='lat' dir='ltr'><strong>manus</strong></span> 
     </span>
     <span class='ocr_line' id='line_1_24' title="bbox 423 3280 1614 3368; baseline -0.004 -19"><span class='ocrx_word' id='word_1_189' title='bbox 423 3287 634 3349; x_wconf 88' lang='lat' dir='ltr'><strong>consererent.</strong></span> <span class='ocrx_word' id='word_1_190' title='bbox 656 3280 693 3345; x_wconf 92' lang='lat' dir='ltr'><strong>ld</strong></span> <span class='ocrx_word' id='word_1_191' title='bbox 715 3281 809 3346; x_wconf 89' lang='lat' dir='ltr'><strong>ambo</strong></span> <span class='ocrx_word' id='word_1_192' title='bbox 832 3301 926 3366; x_wconf 85' lang='lat' dir='ltr'><strong>segre</strong></span> <span class='ocrx_word' id='word_1_193' title='bbox 950 3284 1034 3365; x_wconf 87' lang='lat' dir='ltr'><strong>passi</strong></span> <span class='ocrx_word' id='word_1_194' title='bbox 1058 3280 1162 3358; x_wconf 90' lang='lat' dir='ltr'><strong>duces,</strong></span> <span class='ocrx_word' id='word_1_195' title='bbox 1187 3284 1292 3368; x_wconf 88' lang='lat' dir='ltr'><strong>magis</strong></span> <span class='ocrx_word' id='word_1_196' title='bbox 1311 3281 1436 3359; x_wconf 88' lang='lat' dir='ltr'><strong>Hanno,</strong></span> <span class='ocrx_word' id='word_1_197' title='bbox 1455 3284 1522 3346; x_wconf 91' lang='lat' dir='ltr'><strong>iam</strong></span> <span class='ocrx_word' id='word_1_198' title='bbox 1541 3287 1614 3345; x_wconf 86' lang='lat' dir='ltr'><strong>ante</strong></span> 
     </span>
     <span class='ocr_line' id='line_1_25' title="bbox 424 3386 1613 3475; baseline -0.003 -20"><span class='ocrx_word' id='word_1_199' title='bbox 424 3392 538 3456; x_wconf 82' lang='lat' dir='ltr'><strong>anxius</strong></span> <span class='ocrx_word' id='word_1_200' title='bbox 571 3387 676 3475; x_wconf 90' lang='lat' dir='ltr'><strong>gloria</strong></span> <span class='ocrx_word' id='word_1_201' title='bbox 706 3390 792 3453; x_wconf 82' lang='lat' dir='ltr'><strong>eius:</strong></span> <span class='ocrx_word' id='word_1_202' title='bbox 824 3386 1001 3453; x_wconf 89' lang='lat' dir='ltr'><strong>Muttinem</strong></span> <span class='ocrx_word' id='word_1_203' title='bbox 1028 3388 1089 3452; x_wconf 89' lang='lat' dir='ltr'><strong>sibi</strong></span> <span class='ocrx_word' id='word_1_204' title='bbox 1117 3388 1251 3453; x_wconf 92' lang='lat' dir='ltr'><strong>modum</strong></span> <span class='ocrx_word' id='word_1_205' title='bbox 1280 3388 1392 3465; x_wconf 84' lang='lat' dir='ltr'><strong>facere,</strong></span> <span class='ocrx_word' id='word_1_206' title='bbox 1422 3388 1613 3474; x_wconf 88' lang='lat' dir='ltr'><strong>degenerem</strong></span> 
     </span>
     <span class='ocr_line' id='line_1_26' title="bbox 423 3492 1615 3582; baseline -0.004 -19"><span class='ocrx_word' id='word_1_207' title='bbox 423 3498 541 3564; x_wconf 76' lang='lat' dir='ltr'><strong>Afrum</strong></span> <span class='ocrx_word' id='word_1_208' title='bbox 562 3497 750 3582; x_wconf 91' lang='lat' dir='ltr'><strong>imperatori</strong></span> <span class='ocrx_word' id='word_1_209' title='bbox 773 3492 1028 3581; x_wconf 76' lang='lat' dir='ltr'><strong>Carthaginiensi</strong></span> <span class='ocrx_word' id='word_1_210' title='bbox 1051 3497 1149 3561; x_wconf 88' lang='lat' dir='ltr'><strong>misso</strong></span> <span class='ocrx_word' id='word_1_211' title='bbox 1173 3496 1212 3561; x_wconf 88' lang='lat' dir='ltr'><strong>ab</strong></span> <span class='ocrx_word' id='word_1_212' title='bbox 1233 3501 1344 3560; x_wconf 91' lang='lat' dir='ltr'><strong>senatu</strong></span> <span class='ocrx_word' id='word_1_213' title='bbox 1364 3492 1562 3581; x_wconf 83' lang='lat' dir='ltr'><strong>populoque!</strong></span> <span class='ocrx_word' id='word_1_214' title='bbox 1583 3492 1615 3558; x_wconf 95' lang='lat' dir='ltr'><strong>ls</strong></span> 
     </span>
     <span class='ocr_line' id='line_1_27' title="bbox 422 3601 1614 3691; baseline -0.003 -23"><span class='ocrx_word' id='word_1_215' title='bbox 422 3602 565 3691; x_wconf 83' lang='lat' dir='ltr'><strong>perpuht</strong></span> <span class='ocrx_word' id='word_1_216' title='bbox 596 3608 797 3668; x_wconf 90' lang='lat' dir='ltr'><strong>cunctantem</strong></span> <span class='ocrx_word' id='word_1_217' title='bbox 829 3601 1004 3688; x_wconf 79' lang='lat' dir='ltr'><strong>Epicyden,</strong></span> <span class='ocrx_word' id='word_1_218' title='bbox 1037 3607 1075 3667; x_wconf 92' lang='lat' dir='ltr'><strong>ut</strong></span> <span class='ocrx_word' id='word_1_219' title='bbox 1098 3605 1288 3689; x_wconf 89' lang='lat' dir='ltr'><strong>transgressi</strong></span> <span class='ocrx_word' id='word_1_220' title='bbox 1310 3601 1430 3667; x_wconf 89' lang='lat' dir='ltr'><strong>flumen</strong></span> <span class='ocrx_word' id='word_1_221' title='bbox 1453 3604 1487 3665; x_wconf 91' lang='lat' dir='ltr'><strong>in</strong></span> <span class='ocrx_word' id='word_1_222' title='bbox 1511 3603 1614 3666; x_wconf 89' lang='lat' dir='ltr'><strong>aciem</strong></span> 
     </span>
     <span class='ocr_line' id='line_1_28' title="bbox 422 3707 1615 3795; baseline -0.003 -18"><span class='ocrx_word' id='word_1_223' title='bbox 422 3713 563 3777; x_wconf 85' lang='lat' dir='ltr'><strong>exirent:</strong></span> <span class='ocrx_word' id='word_1_224' title='bbox 598 3729 673 3774; x_wconf 92' lang='lat' dir='ltr'><strong>uam</strong></span> <span class='ocrx_word' id='word_1_225' title='bbox 709 3711 737 3773; x_wconf 89' lang='lat' dir='ltr'><strong>ei</strong></span> <span class='ocrx_word' id='word_1_226' title='bbox 771 3707 949 3773; x_wconf 88' lang='lat' dir='ltr'><strong>Muttinem</strong></span> <span class='ocrx_word' id='word_1_227' title='bbox 983 3711 1215 3794; x_wconf 89' lang='lat' dir='ltr'><strong>opperirentur,</strong></span> <span class='ocrx_word' id='word_1_228' title='bbox 1250 3715 1283 3774; x_wconf 91' lang='lat' dir='ltr'><strong>et</strong></span> <span class='ocrx_word' id='word_1_229' title='bbox 1316 3708 1453 3775; x_wconf 90' lang='lat' dir='ltr'><strong>secunda</strong></span> <span class='ocrx_word' id='word_1_230' title='bbox 1487 3728 1615 3795; x_wconf 88' lang='lat' dir='ltr'><strong>pugnae</strong></span> 
     </span>
     <span class='ocr_line' id='line_1_29' title="bbox 422 3814 1616 3902; baseline -0.001 -19"><span class='ocrx_word' id='word_1_231' title='bbox 422 3819 551 3884; x_wconf 85' lang='lat' dir='ltr'><strong>fortuna</strong></span> <span class='ocrx_word' id='word_1_232' title='bbox 581 3819 750 3893; x_wconf 80' lang='lat' dir='ltr'><strong>evenisset,</strong></span> <span class='ocrx_word' id='word_1_233' title='bbox 782 3814 868 3880; x_wconf 92' lang='lat' dir='ltr'><strong>baud</strong></span> <span class='ocrx_word' id='word_1_234' title='bbox 891 3815 987 3880; x_wconf 88' lang='lat' dir='ltr'><strong>dubie</strong></span> <span class='ocrx_word' id='word_1_235' title='bbox 1011 3815 1164 3881; x_wconf 90' lang='lat' dir='ltr'><strong>Muttinis</strong></span> <span class='ocrx_word' id='word_1_236' title='bbox 1182 3815 1322 3902; x_wconf 90' lang='lat' dir='ltr'><strong>gloriam</strong></span> <span class='ocrx_word' id='word_1_237' title='bbox 1345 3817 1421 3882; x_wconf 85' lang='lat' dir='ltr'><strong>fore.</strong></span> <span class='ocrx_word' id='word_1_238' title='bbox 1442 3816 1616 3883; x_wconf 79' lang='lat' dir='ltr'><strong>Enimvero</strong></span> 
     </span>
     <span class='ocr_line' id='line_1_30' title="bbox 422 3920 1616 4010; baseline 0 -21"><span class='ocrx_word' id='word_1_239' title='bbox 422 3925 593 4010; x_wconf 88' lang='lat' dir='ltr'><strong>indignum</strong></span> <span class='ocrx_word' id='word_1_240' title='bbox 616 3933 705 3988; x_wconf 89' lang='lat' dir='ltr'><strong>ratus</strong></span> <span class='ocrx_word' id='word_1_241' title='bbox 727 3920 901 3987; x_wconf 91' lang='lat' dir='ltr'><strong>Marcellus</strong></span> <span class='ocrx_word' id='word_1_242' title='bbox 925 3943 969 3999; x_wconf 89' lang='lat' dir='ltr'><strong>se,</strong></span> <span class='ocrx_word' id='word_1_243' title='bbox 993 3924 1050 4008; x_wconf 91' lang='lat' dir='ltr'><strong>qui</strong></span> <span class='ocrx_word' id='word_1_244' title='bbox 1069 3922 1283 3988; x_wconf 90' lang='lat' dir='ltr'><strong>Hannibalem</strong></span> <span class='ocrx_word' id='word_1_245' title='bbox 1296 3924 1469 3989; x_wconf 84' lang='lat' dir='ltr'><strong>subnixum</strong></span> <span class='ocrx_word' id='word_1_246' title='bbox 1482 3927 1616 3989; x_wconf 85' lang='lat' dir='ltr'><strong>victoria</strong></span> 
     </span>
     <span class='ocr_line' id='line_1_31' title="bbox 423 4027 1615 4115; baseline -0.003 -17"><span class='ocrx_word' id='word_1_247' title='bbox 423 4029 581 4098; x_wconf 76' lang='lat' dir='ltr'><strong>Cannensi</strong></span> <span class='ocrx_word' id='word_1_248' title='bbox 611 4029 650 4094; x_wconf 87' lang='lat' dir='ltr'><strong>ab</strong></span> <span class='ocrx_word' id='word_1_249' title='bbox 682 4027 763 4093; x_wconf 91' lang='lat' dir='ltr'><strong>Nola</strong></span> <span class='ocrx_word' id='word_1_250' title='bbox 791 4027 993 4113; x_wconf 87' lang='lat' dir='ltr'><strong>reppulisset,</strong></span> <span class='ocrx_word' id='word_1_251' title='bbox 1025 4028 1077 4093; x_wconf 90' lang='lat' dir='ltr'><strong>his</strong></span> <span class='ocrx_word' id='word_1_252' title='bbox 1106 4034 1191 4094; x_wconf 87' lang='lat' dir='ltr'><strong>terra</strong></span> <span class='ocrx_word' id='word_1_253' title='bbox 1221 4032 1366 4115; x_wconf 90' lang='lat' dir='ltr'><strong>marique</strong></span> <span class='ocrx_word' id='word_1_254' title='bbox 1391 4031 1485 4095; x_wconf 89' lang='lat' dir='ltr'><strong>victis</strong></span> <span class='ocrx_word' id='word_1_255' title='bbox 1514 4031 1553 4096; x_wconf 91' lang='lat' dir='ltr'><strong>ab</strong></span> <span class='ocrx_word' id='word_1_256' title='bbox 1582 4052 1615 4096; x_wconf 92' lang='lat' dir='ltr'><strong>se</strong></span> 
     </span>
     <span class='ocr_line' id='line_1_32' title="bbox 424 4135 1616 4224; baseline -0.001 -21"><span class='ocrx_word' id='word_1_257' title='bbox 424 4137 570 4204; x_wconf 90' lang='lat' dir='ltr'><strong>hostibus</strong></span> <span class='ocrx_word' id='word_1_258' title='bbox 605 4136 723 4213; x_wconf 87' lang='lat' dir='ltr'><strong>cedere,</strong></span> <span class='ocrx_word' id='word_1_259' title='bbox 757 4157 846 4201; x_wconf 88' lang='lat' dir='ltr'><strong>arms</strong></span> <span class='ocrx_word' id='word_1_260' title='bbox 873 4156 1005 4222; x_wconf 87' lang='lat' dir='ltr'><strong>propere</strong></span> <span class='ocrx_word' id='word_1_261' title='bbox 1036 4157 1146 4221; x_wconf 91' lang='lat' dir='ltr'><strong>capere</strong></span> <span class='ocrx_word' id='word_1_262' title='bbox 1176 4135 1297 4202; x_wconf 88' lang='lat' dir='ltr'><strong>milites</strong></span> <span class='ocrx_word' id='word_1_263' title='bbox 1327 4144 1360 4202; x_wconf 91' lang='lat' dir='ltr'><strong>et</strong></span> <span class='ocrx_word' id='word_1_264' title='bbox 1390 4137 1493 4202; x_wconf 84' lang='lat' dir='ltr'><strong>efferri</strong></span> <span class='ocrx_word' id='word_1_265' title='bbox 1524 4140 1616 4224; x_wconf 88' lang='lat' dir='ltr'><strong>signe</strong></span> 
     </span>
     <span class='ocr_line' id='line_1_33' title="bbox 424 4242 1615 4329; baseline -0.003 -19"><span class='ocrx_word' id='word_1_266' title='bbox 424 4246 524 4311; x_wconf 88' lang='lat' dir='ltr'><strong>iubet.</strong></span> <span class='ocrx_word' id='word_1_267' title='bbox 558 4244 740 4309; x_wconf 88' lang='lat' dir='ltr'><strong>Instruente</strong></span> <span class='ocrx_word' id='word_1_268' title='bbox 775 4245 951 4308; x_wconf 85' lang='lat' dir='ltr'><strong>exercitum</strong></span> <span class='ocrx_word' id='word_1_269' title='bbox 987 4242 1096 4308; x_wconf 92' lang='lat' dir='ltr'><strong>decem</strong></span> <span class='ocrx_word' id='word_1_270' title='bbox 1130 4243 1238 4309; x_wconf 88' lang='lat' dir='ltr'><strong>effusis</strong></span> <span class='ocrx_word' id='word_1_271' title='bbox 1271 4245 1362 4329; x_wconf 90' lang='lat' dir='ltr'><strong>equis</strong></span> <span class='ocrx_word' id='word_1_272' title='bbox 1396 4242 1545 4309; x_wconf 82' lang='lat' dir='ltr'><strong>advolant</strong></span> <span class='ocrx_word' id='word_1_273' title='bbox 1577 4266 1615 4309; x_wconf 79' lang='lat' dir='ltr'><strong>ex</strong></span> 
     </span>
     <span class='ocr_line' id='line_1_34' title="bbox 425 4350 1616 4438; baseline 0.001 -22"><span class='ocrx_word' id='word_1_274' title='bbox 425 4351 567 4417; x_wconf 85' lang='lat' dir='ltr'><strong>hostium</strong></span> <span class='ocrx_word' id='word_1_275' title='bbox 599 4354 664 4416; x_wconf 91' lang='lat' dir='ltr'><strong>acie</strong></span> <span class='ocrx_word' id='word_1_276' title='bbox 696 4350 855 4415; x_wconf 87' lang='lat' dir='ltr'><strong>Numidae</strong></span> <span class='ocrx_word' id='word_1_277' title='bbox 886 4351 1071 4415; x_wconf 88' lang='lat' dir='ltr'><strong>nuntiantes</strong></span> <span class='ocrx_word' id='word_1_278' title='bbox 1101 4350 1270 4437; x_wconf 89' lang='lat' dir='ltr'><strong>populares</strong></span> <span class='ocrx_word' id='word_1_279' title='bbox 1300 4371 1385 4430; x_wconf 89' lang='lat' dir='ltr'><strong>suos,</strong></span> <span class='ocrx_word' id='word_1_280' title='bbox 1413 4353 1557 4438; x_wconf 91' lang='lat' dir='ltr'><strong>primum</strong></span> <span class='ocrx_word' id='word_1_281' title='bbox 1578 4372 1616 4417; x_wconf 91' lang='lat' dir='ltr'><strong>ea</strong></span> 
     </span>
     <span class='ocr_line' id='line_1_35' title="bbox 423 4459 1617 4544; baseline -0.003 -19"><span class='ocrx_word' id='word_1_282' title='bbox 423 4459 577 4525; x_wconf 90' lang='lat' dir='ltr'><strong>seditione</strong></span> <span class='ocrx_word' id='word_1_283' title='bbox 618 4465 731 4535; x_wconf 91' lang='lat' dir='ltr'><strong>motos,</strong></span> <span class='ocrx_word' id='word_1_284' title='bbox 774 4478 837 4544; x_wconf 82' lang='lat' dir='ltr'><strong>que</strong></span> <span class='ocrx_word' id='word_1_285' title='bbox 880 4460 1012 4522; x_wconf 92' lang='lat' dir='ltr'><strong>trecenti</strong></span> <span class='ocrx_word' id='word_1_286' title='bbox 1054 4479 1092 4523; x_wconf 85' lang='lat' dir='ltr'><strong>ex</strong></span> <span class='ocrx_word' id='word_1_287' title='bbox 1136 4479 1270 4523; x_wconf 92' lang='lat' dir='ltr'><strong>numero</strong></span> <span class='ocrx_word' id='word_1_288' title='bbox 1314 4479 1372 4522; x_wconf 90' lang='lat' dir='ltr'><strong>suo</strong></span> <span class='ocrx_word' id='word_1_289' title='bbox 1407 4460 1617 4524; x_wconf 88' lang='lat' dir='ltr'><strong>concesserint</strong></span> 
     </span>
    </p>
   </div>
   <div class='ocr_carea' id='block_1_3' title="bbox 456 4687 703 4751">
    <p class='ocr_par' dir='ltr' id='par_1_4' title="bbox 456 4687 703 4751">
     <span class='ocr_line' id='line_1_36' title="bbox 456 4687 703 4751; baseline -0.004 -13"><span class='ocrx_word' id='word_1_290' title='bbox 456 4687 703 4751; x_wconf 61' lang='lat' dir='ltr'><strong>nmmm</strong></span> 
     </span>
    </p>
   </div>
   <div class='ocr_carea' id='block_1_4' title="bbox 0 0 1874 5767">
    <p class='ocr_par' dir='ltr' id='par_1_5' title="bbox 0 0 1874 5767">
     <span class='ocr_line' id='line_1_37' title="bbox 0 0 1874 5767; baseline 0 0"><span class='ocrx_word' id='word_1_291' title='bbox 0 0 1874 5767; x_wconf 95' lang='lat' dir='ltr'><strong> </strong></span> 
     </span>
    </p>
   </div>
  </div>
 </body>
</html>
