3734 5767
1013 682 1058 749 70

436 872 710 960 Syracusanorum
735 869 869 935 erulam
893 875 973 935 duce
995 870 1161 935 interiecto
1183 870 1297 935 wditio
1320 873 1436 955 erupit.
1461 872 1630 934 Acrotatus

437 1001 477 1045 ne
495 978 657 1065 lapidibus
675 977 862 1043 obrueretur
880 980 937 1041 vix
957 976 1036 1063 luga
1055 998 1089 1042 se
1109 979 1239 1063 eripuit.
1258 977 1364 1042 Nares
1383 975 1629 1041 Tarentinorum

439 1106 521 1173 quae
543 1086 765 1171 Agrigentum
788 1092 940 1148 venerant
962 1082 1093 1148 domum
1118 1083 1292 1148 redierunt.

482 1191 520 1257 ln
559 1196 647 1256 tauta
677 1210 786 1255 rerum
815 1191 986 1275 iniquitate
1017 1190 1239 1276 Agrigentinis
1270 1195 1428 1275 praestare
1462 1187 1633 1254 ridebatur

439 1321 514 1366 cum
545 1296 726 1384 Agathocle
756 1317 868 1381 pacem
898 1296 1009 1362 facere.
1041 1296 1172 1383 legatis
1202 1299 1311 1382 itaque
1340 1298 1449 1361 missis
1475 1318 1537 1381 pax
1560 1316 1634 1361 con·

439 1403 569 1484 venit1)
602 1406 636 1468 in
670 1423 723 1468 eas
758 1402 957 1468 condiciones
993 1410 1030 1467 nt
1063 1402 1328 1480 Selinuntium,
1360 1402 1632 1480 Heracleensium,

441 1513 686 1578 Himermornm
717 1510 849 1575 urbibus
879 1513 1030 1595 exceptis,
1060 1509 1189 1576 Siciliae
1219 1510 1313 1575 urbes
1340 1512 1392 1574 sni
1414 1517 1520 1574 essent
1540 1511 1632 1586 iuris,

441 1618 634 1707 Syracusani
650 1623 760 1681 autem
777 1618 994 1702 principatum
1012 1617 1189 1682 obtinerent
1206 1623 1300 1691 (anno
1314 1614 1394 1680 314⁰
1406 1637 1435 1682 a.
1448 1613 1523 1682 Chr.
1536 1622 1582 1694 n.)
1610 1620 1633 1694 ).

487 1725 557 1791 Iam
587 1745 669 1790 anno
703 1719 785 1788 312ο
816 1743 879 1809 pax
909 1723 1009 1788 fracta
1041 1731 1099 1789 eet.
1132 1722 1202 1788 Hoc
1225 1725 1313 1788 enim
1336 1744 1418 1789 auno
1442 1720 1635 1809 Agathocles

445 1833 638 1910 Messanam,
662 1850 743 1916 quae
765 1831 842 1895 urbs
865 1850 1023 1916 magnum
1047 1828 1320 1917 Syracusanorum
1343 1835 1508 1916 exceperat
1527 1848 1637 1894 nume

444 1961 516 2005 rum
545 1935 678 2002 exulum
701 1941 734 2002 et
756 1934 1031 2021 Syracusanorum
1055 1940 1248 2023 principatui
1271 1938 1509 2014 obversabatur,
1533 1940 1636 2021 potes

445 2049 505 2113 tati
527 2065 603 2111 suae
624 2044 761 2109 subiecit
774 2041 810 2123 ³).
833 2042 910 2108 lude
932 2045 1149 2131 Agrigentum
1173 2045 1336 2112 contendit
1354 2051 1393 2111 nt
1411 2045 1491 2109 hanc
1510 2062 1636 2129 quoque

447 2153 560 2219 urbem
578 2153 640 2217 sibi
651 2151 872 2236 obtemperare
883 2158 1022 2237 cogeret.
1035 2147 1314 2237 Carthaginienses
1325 2157 1445 2228 autem,
1457 2156 1638 2217 metuentes

447 2280 486 2325 ne
518 2256 705 2344 Agathoclis
737 2262 877 2342 potestas
907 2259 942 2321 in
971 2259 1077 2323 maius
1111 2265 1274 2336 cresceret,
1298 2280 1372 2324 cum
1395 2256 1529 2323 classem
1552 2276 1638 2320 sexa

447 2368 539 2454 ginta
571 2366 704 2430 narium
740 2362 948 2449 appulissent,
982 2363 1112 2429 consilio
1146 2365 1270 2429 destitit
1283 2365 1319 2444 ⁴).
1353 2365 1477 2430 Invasit
1507 2363 1638 2449 quidem

450 2470 764 2558 Carthaginiensium
799 2469 877 2535 lines
910 2469 1126 2556 nonnullaque
1160 2473 1245 2556 cepit
1278 2492 1389 2537 eorum
1422 2470 1553 2537 castella
1584 2468 1638 2534 sed

450 2580 597 2665 proximo
628 2597 709 2642 anno
732 2576 771 2640 ad
795 2575 976 2642 Ecuomnm
989 2579 1015 2654 ⁵)
1036 2579 1143 2642 victus
1164 2574 1279 2643 Gelam
1300 2578 1436 2664 fugit0),
1452 2576 1526 2641 inde
1545 2574 1641 2663 Syra-

451 2706 552 2751 cusas.
582 2682 645 2748 Hic
674 2681 847 2748 consilium
876 2685 950 2748 iniit
982 2681 1261 2770 Carthaginienses
1284 2705 1324 2749 ex
1345 2683 1452 2749 insula
1474 2682 1586 2749 elicere
1609 2688 1642 2747 et

451 2791 575 2858 bellum
603 2793 639 2855 in
670 2789 811 2855 Africam
843 2791 1012 2855 transferre
1024 2795 1061 2870 7).
1092 2789 1261 2878 Syracusis
1283 2790 1486 2857 Antandrum
1509 2790 1641 2856 fratrem

451 2899 612 2986 praefecit,
643 2899 711 2983 ipse
741 2900 908 2984 sexaginta
938 2898 1072 2963 navibus
1102 2901 1268 2965 instructis
1297 2899 1396 2964 robur
1424 2902 1585 2964 exercitus
1608 2900 1642 2962 in

454 3005 596 3073 Africam
622 3005 757 3070 traiecit.

498 3111 588 3177 Bello
608 3110 647 3175 ab
668 3109 844 3196 Agathocle
862 3113 896 3175 in
913 3111 1055 3177 Africam
1075 3111 1229 3178 translato
1244 3115 1341 3178 etiam
1358 3109 1644 3199 Carthagauieusss

454 3239 607 3305 magnam
637 3223 763 3302 partem
793 3221 953 3283 exercitus
983 3221 1017 3282 in
1049 3218 1189 3285 Africam
1214 3223 1415 3286 traiecerunt.
1439 3219 1646 3306 Syracusanis

453 3328 558 3413 igitur
580 3321 679 3387 simul
701 3344 775 3388 cum
799 3320 1117 3411 Carthaginiensibus
1140 3329 1282 3409 remotis,
1305 3326 1533 3392 intellexerunt
1549 3327 1645 3412 Agri-

454 3432 580 3520 gentini
599 3431 793 3496 occasionem
813 3431 873 3496 sibi
893 3431 932 3496 ad
953 3434 1169 3519 principatum
1189 3437 1288 3500 totius
1307 3434 1431 3500 insulae
1450 3433 1645 3519 potiundam

455 3538 633 3627 praebitam
655 3558 717 3603 non
748 3558 815 3604 esse
844 3540 1162 3625 praetermittendam
1175 3542 1212 3628 ⁸).
1241 3541 1362 3608 Ducem
1393 3546 1502 3627 itaque
1520 3561 1646 3606 creave-

490 3717 514 3777 l)
531 3714 604 3764 Diod.
626 3713 673 3764 Sic.
697 3712 762 3773 xlx,
785 3712 825 3765 71.
843 3752 849 3766 .
868 3749 875 3764 .
893 3751 899 3766 .
917 3711 1116 3775 μεσιτεύσαντος
1137 3717 1185 3773 τὰς
1207 3714 1327 3775 cortinae
1344 3717 1466 3778 Ἃριίλιιον
1483 3718 1529 3765 τοῦ
1546 3722 1647 3778 Καρχη-

458 3796 545 3848 Aeolon.

491 3880 515 3943 l)
532 3881 604 3931 Diod.
627 3879 673 3929 Sic.
698 3878 763 3938 xlx,
787 3877 826 3930 71.
845 3916 851 3929 .
870 3917 876 3929 .
896 3918 901 3928 .
920 3879 1005 3928 Ἦσαν
1029 3877 1056 3928 δὲ
1078 3881 1114 3929 τὰ
1137 3880 1264 3944 κεφάλαια
1287 3888 1336 3931 οῦν
1358 3879 1522 3931 conatam
1544 3878 1646 3929 τοιάδε·

457 3968 510 4013 Τῶν
527 3960 675 4020 Ἐλληνίδων
693 3964 788 4012 πόλεων
806 3966 854 4011 τῶν
873 3963 941 4011 κατὰ
957 3966 1069 4013 Σικελίαν
1087 3963 1234 4025 Ἡράκλειαν
1253 3965 1298 4026 μὲν
1315 3965 1358 4015 καὶ
1372 3967 1518 4014 Σελινοῦντα
1531 3962 1574 4012 καὶ
1587 3963 1648 4025 πρὸς

457 4043 564 4104 ταύταις
581 4043 677 4107 Ἱμέραν
695 4045 741 4094 ὑπὸ
761 4042 936 4107 Καρχηδονίοις
952 4045 1089 4108 τετάχθαι,
1102 4045 1209 4108 καθάπερ
1225 4047 1266 4096 καὶ
1282 4049 1454 4110 προϋπῆρχον·
1470 4048 1518 4106 τὰς
1532 4043 1555 4094 δ’
1564 4044 1647 4102 ἄλλοις

456 4127 541 4187 πάσας
558 4127 710 4190 ανοονόμονς
727 4122 797 4187 εἶναι,
815 4126 860 4184 τὴν
878 4124 1011 4190 ἡγεμονίαν
1027 4124 1138 4190 ἔχονταν
1154 4130 1312 4191 Συρακοσίων.

491 4212 515 4275 8)
535 4211 604 4262 Diod.
621 4212 667 4261 Sic.
686 4201 752 4271 lllll,
770 4210 826 4260 loa.

490 4297 515 4357 4)
534 4295 605 4344 Diod.
623 4294 670 4345 Sic.
688 4293 753 4353 xlx,
772 4292 820 4342 102
837 4293 880 4342 ii.

492 4379 516 4440 b)
534 4377 605 4427 Diod.
622 4377 669 4427 Sin.
686 4375 752 4436 xla,
774 4374 914 4425 loa-109.

491 4461 516 4522 d)
535 4460 606 4510 Diod.
623 4459 671 4509 Sic.
690 4458 756 4519 lllll,
776 4457 832 4508 110.

491 4541 516 4604 7)
535 4541 605 4591 Diod.
622 4541 668 4591 Sic.
688 4540 753 4599 xlx,
771 4540 828 4600 110,
845 4537 897 4594 XX,
913 4537 937 4590 8.

492 4624 516 4687 S)
536 4624 596 4673 Diod
622 4623 669 4676 Sic.
687 4623 738 4685 xi,
756 4622 795 4671 al.
