3734 5767
822 742 864 809 41

248 928 358 993 ίκιίνον
388 925 441 991 τίν
469 926 575 1007 κρίνον
607 929 723 1001 luris
755 933 810 1002 της
842 926 960 999 τίλιωο
993 927 1213 1008 χειροποίητος,
1245 927 1364 1008 ίχονσοι
1388 926 1442 1001 την

247 1034 427 1114 περίμετρον
459 1034 592 1100 στάδίοιν
624 1034 715 1113 ἑττά,
742 1035 778 1101 τί
801 1034 833 1099 tl
856 1032 953 1112 βάίοι
979 1033 1070 1099 οίκοσι
1093 1040 1214 1117 πηχῶν,
1239 1034 1281 1107 είς
1308 1024 1341 1105 ίιν
1363 1036 1443 1099 ἐστι·

248 1141 384 1220 ρομίνοιι
413 1139 542 1219 ὑδάτοιν,
574 1141 823 1222 ίΦιλοτίχνησοιν
849 1142 963 1215 τληίοο
998 1141 1110 1221 ίχίύιον
1143 1140 1172 1204 ίν
1204 1140 1284 1222 αὐτῇ
1317 1148 1442 1213 τοιῆσκι

249 1248 399 1313 τιινσοίοιν
430 1248 473 1319 νίς
504 1248 564 1320 τάς
595 1248 744 1326 δημοσίοις
779 1246 932 1318 ἑστιάσεις
960 1249 1028 1325 μεθ’
1060 1244 1099 1312 ὧν
1119 1246 1322 1328 συνδιέτριβον
1341 1248 1442 1313 κύκνοι

249 1353 301 1419 κοί
332 1360 391 1420 τῶν
422 1353 528 1419 άλλιιν
557 1354 659 1434 ίρνίοιν
690 1354 771 1420 πολὺ
800 1358 914 1428 stilos
937 1350 1016 1418 άστι
1041 1354 1187 1432 μεγάλην
1211 1353 1317 1433 σίρψιν
1340 1377 1443 1432 τκροι·

249 1458 408 1542 σκινάζειν
437 1468 501 1532 τοῖς
532 1460 698 1537 ίεοιμίνονο.
731 1460 968 1548 Sohubringius
1000 1463 1150 1547 opinatur
1181 1460 1315 1526 Diodori
1346 1461 1444 1527 verba

248 1564 329 1635 οὖτοι
343 1604 386 1618 -
398 1567 693 1643 κατεσκευάσθησαν
707 1575 858 1654 corrupta
870 1588 938 1633 esse
957 1567 1084 1643 tradita,
1097 1588 1171 1633 nam
1185 1566 1444 1645 ‚,unzweiselhatt

249 1676 367 1740 kannts
396 1674 452 1739 ner
474 1673 659 1741 Historilrer
681 1697 738 1742 ans
762 1673 960 1740 Felsterrain'
979 1696 1043 1740 von
1069 1674 1216 1760 Akragas
1239 1695 1278 1738 ιιι
1300 1679 1371 1760 gut,
1395 1672 1444 1738 als

249 1782 321 1847 dass
343 1803 377 1847 ar
400 1780 633 1848 unterirdische
657 1782 839 1868 Leitnngen
861 1784 924 1846 mit
946 1780 1066 1845 Βίοίιιοο
1085 1780 1175 1845 hatte
1195 1780 1298 1846 bauan
1317 1780 1443 1846 wellen.

248 1887 376 1954 Solam
405 1887 531 1953 scheint
561 1909 595 1953 es
626 1887 673 1955 als
702 1889 743 1954 ob
770 1909 846 1954 man
869 1888 937 1953 sich
964 1887 1093 1951 coeca
1115 1886 1330 1953 vorsustellen
1352 1887 1442 1971 habe,

250 1996 325 2061 aber
346 1994 436 2060 nicht
459 1994 556 2072 dieas,
576 1995 709 2061 sondern
729 1994 910 2081 Leitungen
929 1994 1067 2059 frisohen
1086 1991 1320 2059 'Prinkwassars
1339 2014 1444 2058 waren

250 2102 301 2167 tsi
319 2101 375 2166 der
392 2099 596 2167 waseerlosen
607 2100 701 2167 Stadt
712 2102 763 2167 die
776 2099 1006 2187 Hauptsaohe”
1018 2098 1054 2180 ¹).
1067 2100 1262 2165 Persuasum
1275 2100 1336 2164 sibi
1348 2099 1445 2165 habet

250 2207 487 2295 Schubringius
509 2208 663 2293 phaeacas
687 2230 762 2274 cum
786 2211 907 2294 piscina
929 2207 1104 2272 cohaesisse
1118 2206 1154 2289 ⁹),
1180 2208 1311 2293 quodsi
1330 2229 1445 2273 varum

252 2319 301 2380 ast
322 2313 551 2400 proculdubio
575 2315 729 2401 phaeacas
752 2337 810 2402 pro
832 2314 948 2380 cloacis
971 2313 1107 2380 habendi
1130 2336 1193 2379 non
1212 2321 1297 2394 sunt,
1319 2318 1446 2381 namin

252 2424 374 2507 piscina
407 2424 508 2507 pisces
543 2421 712 2488 alebantur
746 2423 787 2493 είς
824 2424 882 2492 τάς
918 2421 1066 2498 δημοσίοις
1103 2421 1266 2504 ἑστιάσεις,
1302 2422 1371 2498 μεθ’
1407 2418 1445 2485 ὦν

253 2527 456 2606 συνίοίτριβον
480 2528 579 2594 κιίκνοι
602 2552 638 2594 το
662 2528 714 2593 κοί
738 2531 796 2594 τῶν
820 2525 924 2593 άλλιιν
949 2527 1050 2607 ίρνίοιν
1074 2530 1153 2594 πολὺ
1175 2530 1299 2601 ratitos.
1318 2527 1445 2594 Nomen

253 2634 374 2721 opificis
414 2634 502 2701 idem
543 2636 654 2702 fictum
696 2658 764 2702 esse
805 2638 981 2714 existimat,
1023 2657 1140 2701 nomen
1179 2636 1372 2721 „phaeacas”
1416 2638 1446 2701 ei

253 2743 418 2808 cohaerere
439 2742 571 2808 videtur
591 2765 666 2809 cum
689 2744 847 2810 adiectivo
872 2743 1009 2822 „aaa”
1024 2744 1060 2825 ⁸).
1080 2743 1243 2809 Piscinam
1262 2764 1338 2809 oum
1357 2749 1446 2808 extra

252 2851 367 2915 urbem
404 2850 502 2915 tuisse
532 2850 680 2938 legamus
711 2850 796 2936 apud
826 2849 1013 2929 Diodorum,
1045 2849 1280 2937 Schubringius
1310 2870 1379 2914 eam
1412 2851 1445 2913 in

252 2956 362 3022 intima
391 2957 481 3022 urbis
507 2964 607 3043 parte,
639 2979 702 3043 qua
731 2963 855 3044 spectat
886 2958 963 3023 urbs
993 2960 1079 3021 inter
1109 2956 1279 3021 meridiem
1309 2964 1342 3021 et
1370 2953 1447 3020 solis

253 3084 409 3138 occasum,
434 3064 533 3130 fuisse
557 3066 619 3130 sibi
642 3086 831 3150 persuasum
854 3064 960 3140 habet,
985 3084 1081 3150 quarn
1103 3063 1142 3128 ad
1162 3066 1344 3149 opinionem
1364 3084 1450 3128 com-

252 3168 360 3255 plures
402 3190 477 3235 sum
521 3170 723 3237 adduxerunt
768 3192 891 3238 causae.
937 3172 1009 3238 Non
1054 3172 1149 3237 modo
1190 3175 1276 3237 enim
1312 3171 1447 3249 canales,

254 3279 310 3362 qui
340 3277 380 3341 ab
412 3283 524 3342 eodem
561 3278 626 3344 lere
664 3278 735 3344 loco
772 3301 870 3366 prope
907 3277 1125 3344 monticulum
1159 3278 1271 3365 „Rupe
1306 3277 1448 3344 Atenea’'

253 3386 384 3449 initium
415 3386 556 3470 capiunt,
581 3407 641 3451 non
666 3385 763 3473 longe
785 3408 804 3451 a
827 3385 897 3452 loco
919 3386 977 3451 ubi
999 3388 1156 3472 piscinam
1180 3386 1280 3450 fuisse
1302 3385 1450 3470 perhibet

254 3489 488 3578 Schubringius
506 3495 711 3569 conveniunt,
731 3492 785 3557 aed
804 3494 902 3558 etiam
923 3490 1029 3557 multa
1048 3492 1193 3558 hocloco
1209 3494 1450 3578 conspiciuntur

254 3596 437 3663 fistularum
455 3602 537 3664 ostia
556 3599 842 3665 subterranearum.
864 3598 948 3665 Saxa
966 3621 1061 3685 porro
1083 3599 1223 3665 discussa
1241 3597 1449 3685 Schubringii

255 3706 448 3770 sententiam
476 3705 749 3771 verisimillimam
778 3705 926 3783 reddunt,
950 3728 1070 3772 necnon
1092 3706 1242 3792 planities
1266 3726 1364 3791 quam
1387 3704 1450 3770 effi·

257 3814 356 3889 ciunt,
371 3810 471 3877 valles
489 3810 695 3888 „Garovana”
711 3820 743 3878 et
753 3811 870 3890 „Sala”
885 3813 966 3878 hanc
977 3815 1010 3877 in
1023 3819 1150 3898 partem
1161 3813 1250 3877 urbis
1262 3813 1449 3878 convenien-

257 3925 317 3996 tes,
336 3939 418 4004 quaa
437 3918 587 4004 planities
606 3940 707 4005 usque
727 3920 766 3985 ad
778 3919 916 3985 flurium
928 3919 1077 4007 Hypsam
1091 3919 1275 3984 extenditur
1287 3925 1320 3984 at
1332 3939 1451 4006 magna

257 4046 296 4090 er
315 4031 405 4110 parte
424 4031 515 4091 extra
533 4027 647 4091 urbam
668 4031 726 4092 est.
746 4023 908 4093 Circuitus
920 4025 1056 4112 denique
1068 4024 1214 4111 planitiei
1225 4046 1299 4090 cum
1311 4027 1451 4110 piscinae

257 4134 394 4197 circuitu
413 4152 510 4217 quem
530 4139 653 4217 septam
679 4132 778 4197 fuisse
805 4132 948 4197 stadium
972 4132 1083 4196 scribit
1107 4131 1265 4196 Diodorus
1289 4133 1450 4196 convenit.

294 4347 317 4409 l)
334 4346 478 4412 Schntring.
497 4362 519 4396 o.
537 4346 556 4397 l.
572 4362 596 4413 p.
615 4345 655 4396 88.

292 4430 318 4491 ά)
335 4428 479 4494 Schnbring.
501 4445 525 4479 o.
547 4428 564 4478 l.
588 4445 612 4494 p.
637 4428 676 4478 88.
700 4426 746 4476 Die
766 4426 941 4477 urmittelbara
958 4426 1135 4491 Hinzotr'rgurg
1152 4426 1193 4475 der
1211 4424 1374 4475 Fischteiches
1391 4424 1453 4475 liert

261 4513 339 4562 iernen
355 4512 506 4572 remutten,
525 4512 580 4561 dass
597 4511 676 4560 dieser
692 4509 739 4560 mit
756 4510 802 4559 den
820 4509 949 4559 Phreatto
965 4508 991 4558 in
1009 4508 1166 4574 Verbindong
1182 4508 1263 4558 stand.

295 4594 320 4657 8)
337 4594 432 4645 Siefert.
457 4611 480 4644 o.
502 4596 520 4645 l.
542 4610 567 4660 p.
590 4596 630 4644 Bt.
654 4594 708 4644 Den
731 4592 825 4643 Nomen
849 4593 891 4642 (les
914 4592 1013 4642 Pharax
1035 4593 1121 4642 {ihren
1139 4593 1175 4642 sie
1191 4592 1253 4642 noclr
1269 4590 1331 4655 jetzt
1349 4591 1388 4641 bei
1405 4591 1452 4641 (lan

262 4677 425 4729 Binwolrnerr
443 4678 583 4744 (timentis,
599 4678 639 4728 (iio
655 4677 690 4727 rie
707 4676 840 4737 „Coniotti
855 4676 945 4726 Feeci”
961 4692 1064 4726 nemen.
