3734 5767
816 739 857 806 51

241 927 280 985 ut
311 921 508 987 mentionem
537 920 693 986 iaciamus
733 920 772 986 de
800 920 942 1008 Asclepii
973 918 1102 1006 templo,
1134 940 1174 984 ex
1205 941 1267 1004 quo
1298 919 1430 986 Verrem

242 1025 498 1112 pulcherrimum
515 1028 647 1113 siguum
664 1048 684 1092 a
702 1026 838 1115 Myrone
850 1029 974 1093 factum
992 1028 1136 1112 rapuisse
1153 1033 1259 1092 narrat
1271 1024 1393 1092 Cicero.
1409 1030 1433 1107 ¹)

243 1132 415 1219 Templum
446 1154 464 1198 e
494 1133 625 1220 Polybii
663 1135 769 1200 verbis
808 1134 845 1214 (I.
880 1133 921 1200 18
960 1133 1013 1199 καὶ
1049 1131 1369 1211 στρατοπεδεύσαντες
1403 1134 1433 1198 ὃν

244 1240 342 1304 tarci
371 1239 507 1310 cruitur
536 1241 599 1304 ext
631 1248 685 1313 τιῑς
714 1239 831 1312 πόλεως
859 1239 1058 1306 συνέκλεισαν
1078 1238 1244 1319 (Romani)
1268 1240 1351 1312 ἕντδς
1374 1241 1433 1304 τῶν

244 1352 356 1426 τειχῶν
391 1346 461 1417 τοὺς
497 1344 732 1426 Καρχηδονίους,
767 1346 792 1412 Ι.
830 1346 883 1412 19.
925 1346 1075 1416 διελόντες
1110 1346 1136 1410 οἱ
1170 1347 1340 1424 στρατηγοὶ
1376 1352 1435 1411 τῶν

246 1451 403 1528 Ῥωμαίων
426 1452 469 1523 cic
493 1452 545 1516 δύο
568 1451 644 1531 ccipe
668 1460 724 1529 τῆν
743 1453 871 1530 δύναμιν
896 1455 938 1533 τῷ
963 1455 1020 1530 μὲν
1043 1452 1084 1517 ἐν)
1109 1454 1175 1532 περὶ
1200 1453 1244 1517 ri
1267 1454 1337 1532 τρὸ
1362 1461 1433 1526 τιῑς

245 1559 394 1630 cincus
426 1558 712 1635 ’Λσνοιιρτινῒον
743 1559 897 1641 ἔμενον)
924 1566 994 1626 octo
1023 1559 1134 1624 stadiis
1158 1560 1197 1624 ab
1216 1560 1295 1624 urbe
1315 1559 1433 1626 afuisse

244 1670 386 1752 apparet.

289 1770 367 1837 Pers
398 1771 512 1858 templi
542 1793 706 1859 superesse
734 1773 864 1838 videtur
892 1775 927 1838 in
958 1770 1059 1851 „Casa
1081 1772 1113 1838 S.
1139 1769 1329 1859 Gregorio''‚
1354 1793 1434 1858 quae

244 1884 293 1943 est
323 1880 357 1942 in
387 1877 522 1964 planitie
552 1880 592 1945 ab
623 1880 702 1945 urbe
732 1879 900 1945 meridiem
924 1901 1047 1946 versus.
1072 1876 1153 1945 Casa
1176 1878 1209 1944 S.
1234 1877 1391 1966 Gregorio
1416 1899 1435 1944 a

243 1991 335 2070 porta
366 2005 462 2052 aurea
494 1989 635 2072 quinque
665 1993 795 2053 tautum
822 1987 912 2053 abest
935 1988 1056 2064 stadiis,
1081 1986 1133 2052 sed
1159 1986 1198 2051 ab
1222 1985 1354 2052 ecclesia
1381 1984 1434 2055 ..S.

245 2089 406 2167 Niccola”‚
437 2113 537 2179 prope
568 2114 665 2178 quam
699 2092 954 2180 Sphubriugium
988 2093 1093 2157 iorum
1129 2093 1228 2157 fuisse
1262 2092 1435 2170 contendit,

248 2197 335 2263 1480
366 2198 413 2264 Μ.
443 2205 500 2280 (=
526 2212 558 2275 ὲ
584 2201 605 2265 8
637 2200 750 2280 stads.
769 2199 796 2280 ²)
828 2201 1059 2287 Agrigentinos
1090 2198 1278 2284 Asclepium
1308 2219 1436 2264 summa

247 2303 383 2371 coluisse
405 2304 561 2393 religione
584 2329 602 2373 e
624 2310 766 2374 nummis
790 2327 916 2392 quoque
940 2313 1080 2393 apparet.
1096 2303 1121 2385 3)

810 2595 868 2662 IlI.

292 2745 371 2812 Post
409 2750 578 2813 victoriam
612 2748 698 2834 apud
731 2748 902 2814 Himeram
936 2753 1132 2834 reportatam
1167 2746 1292 2814 Theron
1326 2747 1437 2813 Hime

246 2873 394 2918 rasorum
424 2854 499 2919 urbi
522 2854 672 2940 praefecit
694 2853 937 2942 Thrasydaeum
951 2857 987 2936 i),
1012 2853 1116 2920 filium
1139 2876 1246 2933 suum,
1271 2856 1328 2941 qui
1350 2857 1437 2920 cives

245 2962 339 3045 gravi
370 2963 527 3027 servitute
557 2982 722 3048 oppressos
755 2969 864 3028 tenens
896 2968 1024 3027 tentum
1051 2964 1092 3027 iis
1115 2964 1149 3027 in
1172 2962 1282 3027 odium
1307 2967 1438 3027 venerat

246 3073 285 3132 ut
323 3069 442 3153 iugum
483 3067 599 3134 serrile
640 3074 788 3134 excutere
822 3072 1061 3134 constituerent.
1097 3069 1304 3154 Propositum
1340 3089 1436 3133 suum

248 3195 310 3260 quo
339 3173 468 3240 facilius
495 3181 684 3262 peragerent
712 3196 806 3261 opem
837 3175 1094 3261 imploraverunt
1117 3175 1268 3241 Hieronis
1279 3180 1317 3255 5),
1341 3195 1438 3260 quem

247 3301 355 3365 preces
398 3301 461 3346 non
508 3302 575 3347 esse
619 3281 864 3368 repudiaturum
909 3301 1099 3367 persuasum
1141 3282 1203 3346 sibi
1245 3281 1439 3348 habuerunt.

247 3385 437 3452 Inimicitias
479 3389 565 3453 enim
603 3393 783 3473 susceperat
817 3387 916 3453 Hiero
952 3409 1027 3452 cum
1062 3386 1217 3463 Therone,
1252 3389 1308 3472 qui
1342 3385 1439 3472 Poly·

247 3491 403 3571 celum⁸),
433 3513 589 3578 generum
616 3515 722 3569 suum,
746 3492 897 3559 Hieronis
920 3492 1096 3571 aemulum,
1120 3493 1159 3558 ab
1183 3493 1323 3558 Hierone
1346 3492 1440 3579 Syra-

247 3620 339 3664 cusas
377 3597 556 3685 relinquere
590 3606 745 3679 coactum,
781 3601 921 3687 hospitio
956 3606 1130 3685 exceperat.
1166 3598 1213 3665 Hc
1247 3602 1352 3685 magis
1387 3618 1440 3683 op

248 3712 385 3791 portuna
415 3712 560 3791 tempora
591 3706 630 3770 ad
655 3704 838 3770 libertatem
869 3692 1116 3791 recuperandam
1140 3704 1332 3771 ridebantur
1355 3703 1439 3789 quod

249 3833 325 3878 cum
359 3811 501 3878 Therone
535 3810 656 3878 bellum
691 3815 828 3878 inierant
863 3807 971 3900 Capys
1005 3817 1038 3877 et
1073 3811 1282 3897 Hippocrates
1293 3816 1329 3892 ⁷).
1361 3809 1440 3895 Spes

285 4006 309 4066 1)
326 4003 378 4054 Οἰο.
394 4002 461 4052 Verr.
480 4000 525 4063 IV,
542 4001 583 4052 98.

283 4088 308 4149 2)
325 4085 468 4151 Soliubring.
484 4102 508 4137 o.
525 4085 544 4135 l.
561 4101 585 4151 p.
600 4085 640 4134 60.

283 4170 308 4231 8)
324 4169 467 4233 Schubring.
484 4185 507 4218 c.
524 4167 542 4218 l.
559 4184 583 4234 p.
601 4167 643 4217 ol.

283 4254 311 4317 4)
329 4251 401 4301 Diod.
418 4250 466 4302 Sic.
483 4250 526 4310 nl,
543 4250 584 4299 48.

286 4337 309 4397 t)
326 4334 390 4384 Nam
408 4335 466 4396 πρὸς
483 4335 527 4383 τὸν
544 4329 643 4394 πατέρα
658 4331 813 4394 (Plutonem)
827 4328 977 4392 ντσριόνσθαί
986 4347 1016 4379 τι
1030 4330 1073 4379 καὶ
1086 4331 1232 4393 νατιςγορνῖν
1246 4327 1441 4394 ἀντοδσνιίμαζσν,

251 4415 397 4482 νομίζοντος
414 4414 463 4478 olax
478 4415 541 4482 ἵξιιν
556 4412 613 4463 ’ίσον
630 4410 763 4469 ἀκονστιὶν.
781 4413 862 4475 (Diod.
879 4397 935 4463 Sic·
945 4413 988 4472 xl,
1005 4415 1058 4477 48).
1355 4451 1357 4456 .

286 4500 311 4561 d)
328 4498 401 4548 Diod.
418 4498 466 4549 Sic.
484 4497 528 4557 XI,
546 4497 587 4546 48.
604 4495 687 4546 Schol.
704 4495 736 4544 ad
753 4494 824 4545 Pind.
841 4494 921 4545 Germ.
941 4496 980 4545 01.
998 4495 1032 4556 11,
1052 4496 1093 4545 29.
1111 4495 1193 4546 Holm.
1210 4512 1233 4545 o.
1250 4496 1267 4545 l.
1284 4496 1305 4555 1,
1323 4495 1379 4544 ala.

286 4581 311 4644 7)
327 4582 357 4631 In
374 4581 451 4631 schol.
467 4581 499 4630 ed
516 4579 588 4630 Piud.
606 4577 686 4628 Germ.
704 4577 744 4626 Ol.
761 4576 797 4636 11,
815 4576 871 4630 lta.
888 4578 969 4643 Capys
989 4586 1013 4627 et
1030 4578 1191 4643 Hippocrates
1208 4575 1305 4638 ἀντ’ψιοι
1322 4574 1440 4627 Theronis

252 4664 417 4731 appellentur,
434 4664 460 4713 ia
477 4663 554 4713 schol.
570 4663 602 4711 sd
619 4660 690 4711 Piud.
708 4659 790 4711 Germ.
807 4661 847 4713 01.
866 4661 900 4721 11,
918 4663 932 4710 s
951 4663 1091 4725 σνγγννιῖς.
