<?xml version="1.0" encoding="UTF-8"?>
<!DOCTYPE html PUBLIC "-//W3C//DTD XHTML 1.0 Transitional//EN"
    "http://www.w3.org/TR/xhtml1/DTD/xhtml1-transitional.dtd">
<html xmlns="http://www.w3.org/1999/xhtml" xml:lang="en" lang="en">
 <head>
  <title>
</title>
<meta http-equiv="Content-Type" content="text/html;charset=utf-8" />
  <meta name='ocr-system' content='tesseract 3.04.00' />
  <meta name='ocr-capabilities' content='ocr_page ocr_carea ocr_par ocr_line ocrx_word'/>
</head>
<body>
  <div class='ocr_page' id='page_1' title='image "./deurbeagrigenti00hagtgoog_0080.png"; bbox 0 0 3734 5767; ppageno 0'>
   <div class='ocr_carea' id='block_1_1' title="bbox 1026 726 1069 792">
    <p class='ocr_par' dir='ltr' id='par_1_1' title="bbox 1026 726 1069 792">
     <span class='ocr_line' id='line_1_1' title="bbox 1026 726 1069 792; baseline 0 0"><span class='ocrx_word' id='word_1_1' title='bbox 1026 726 1069 792; x_wconf 88' lang='grc'><strong>66</strong></span> 
     </span>
    </p>
   </div>
   <div class='ocr_carea' id='block_1_2' title="bbox 367 909 1639 2918">
    <p class='ocr_par' dir='ltr' id='par_1_2' title="bbox 448 909 1638 1210">
     <span class='ocr_line' id='line_1_2' title="bbox 448 909 1638 1000; baseline 0.002 -23"><span class='ocrx_word' id='word_1_2' title='bbox 448 911 631 1000; x_wconf 78' lang='lat' dir='ltr'>pestilentia</span> <span class='ocrx_word' id='word_1_3' title='bbox 660 915 783 977; x_wconf 83' lang='lat' dir='ltr'><strong>coactos</strong></span> <span class='ocrx_word' id='word_1_4' title='bbox 813 931 924 995; x_wconf 89' lang='lat' dir='ltr'><strong>pacem</strong></span> <span class='ocrx_word' id='word_1_5' title='bbox 951 909 1072 988; x_wconf 84' lang='lat' dir='ltr'><strong>secisse,</strong></span> <span class='ocrx_word' id='word_1_6' title='bbox 1097 909 1217 975; x_wconf 88' lang='lat' dir='ltr'><strong>bellum</strong></span> <span class='ocrx_word' id='word_1_7' title='bbox 1241 909 1352 995; x_wconf 90' lang='lat' dir='ltr'><strong>procul</strong></span> <span class='ocrx_word' id='word_1_8' title='bbox 1375 910 1471 977; x_wconf 91' lang='lat' dir='ltr'><strong>dubio</strong></span> <span class='ocrx_word' id='word_1_9' title='bbox 1494 934 1548 978; x_wconf 92' lang='lat' dir='ltr'><strong>eos</strong></span> <span class='ocrx_word' id='word_1_10' title='bbox 1571 934 1638 979; x_wconf 92' lang='lat' dir='ltr'><strong>esse</strong></span> 
     </span>
     <span class='ocr_line' id='line_1_3' title="bbox 448 1016 1638 1105; baseline -0.002 -19"><span class='ocrx_word' id='word_1_11' title='bbox 448 1027 655 1086; x_wconf 80' lang='lat' dir='ltr'><strong>renovaturos</strong></span> <span class='ocrx_word' id='word_1_12' title='bbox 698 1016 834 1084; x_wconf 88' lang='lat' dir='ltr'><strong>simulac</strong></span> <span class='ocrx_word' id='word_1_13' title='bbox 870 1019 956 1082; x_wconf 84' lang='lat' dir='ltr'><strong>vires</strong></span> <span class='ocrx_word' id='word_1_14' title='bbox 994 1017 1172 1100; x_wconf 77' lang='lat' dir='ltr'><strong>refecerint,</strong></span> <span class='ocrx_word' id='word_1_15' title='bbox 1207 1020 1403 1082; x_wconf 91' lang='lat' dir='ltr'><strong>occasionem</strong></span> <span class='ocrx_word' id='word_1_16' title='bbox 1432 1018 1472 1083; x_wconf 90' lang='lat' dir='ltr'><strong>ad</strong></span> <span class='ocrx_word' id='word_1_17' title='bbox 1506 1040 1638 1105; x_wconf 82' lang='lat' dir='ltr'><strong>gravem</strong></span> 
     </span>
     <span class='ocr_line' id='line_1_4' title="bbox 448 1123 1527 1210; baseline -0.003 -17"><span class='ocrx_word' id='word_1_18' title='bbox 448 1128 594 1193; x_wconf 90' lang='lat' dir='ltr'><strong>hostibus</strong></span> <span class='ocrx_word' id='word_1_19' title='bbox 615 1126 813 1191; x_wconf 84' lang='lat' dir='ltr'><strong>inferendam</strong></span> <span class='ocrx_word' id='word_1_20' title='bbox 835 1123 960 1189; x_wconf 87' lang='lat' dir='ltr'><strong>cladem</strong></span> <span class='ocrx_word' id='word_1_21' title='bbox 983 1145 1045 1189; x_wconf 90' lang='lat' dir='ltr'><strong>uon</strong></span> <span class='ocrx_word' id='word_1_22' title='bbox 1068 1145 1136 1190; x_wconf 90' lang='lat' dir='ltr'><strong>esse</strong></span> <span class='ocrx_word' id='word_1_23' title='bbox 1160 1124 1477 1210; x_wconf 74' lang='lat' dir='ltr'><strong>praetermittendam</strong></span> <span class='ocrx_word' id='word_1_24' title='bbox 1493 1129 1527 1205; x_wconf 83' lang='lat'><strong>¹).</strong></span> 
     </span>
    </p>

    <p class='ocr_par' dir='ltr' id='par_1_3' title="bbox 447 1229 1639 1631">
     <span class='ocr_line' id='line_1_5' title="bbox 494 1229 1639 1318; baseline -0.002 -19"><span class='ocrx_word' id='word_1_25' title='bbox 494 1233 630 1300; x_wconf 82' lang='lat' dir='ltr'><strong>Summe</strong></span> <span class='ocrx_word' id='word_1_26' title='bbox 644 1236 753 1317; x_wconf 87' lang='lat' dir='ltr'><strong>itaque</strong></span> <span class='ocrx_word' id='word_1_27' title='bbox 769 1231 1042 1318; x_wconf 75' lang='lat' dir='ltr'><strong>Syracusanorum</strong></span> <span class='ocrx_word' id='word_1_28' title='bbox 1059 1229 1225 1295; x_wconf 84' lang='lat' dir='ltr'><strong>voluntate</strong></span> <span class='ocrx_word' id='word_1_29' title='bbox 1240 1230 1387 1317; x_wconf 88' lang='lat' dir='ltr'><strong>legatum</strong></span> <span class='ocrx_word' id='word_1_30' title='bbox 1404 1234 1496 1297; x_wconf 81' lang='lat' dir='ltr'><strong>misit</strong></span> <span class='ocrx_word' id='word_1_31' title='bbox 1508 1229 1639 1299; x_wconf 91' lang='lat' dir='ltr'><strong>Cartha-</strong></span> 
     </span>
     <span class='ocr_line' id='line_1_6' title="bbox 447 1336 1639 1429; baseline -0.003 -23"><span class='ocrx_word' id='word_1_32' title='bbox 447 1343 557 1429; x_wconf 89' lang='lat' dir='ltr'><strong>ginem</strong></span> <span class='ocrx_word' id='word_1_33' title='bbox 588 1361 664 1406; x_wconf 90' lang='lat' dir='ltr'><strong>cnm</strong></span> <span class='ocrx_word' id='word_1_34' title='bbox 693 1336 831 1424; x_wconf 88' lang='lat' dir='ltr'><strong>epistula</strong></span> <span class='ocrx_word' id='word_1_35' title='bbox 860 1358 924 1424; x_wconf 89' lang='lat' dir='ltr'><strong>qna</strong></span> <span class='ocrx_word' id='word_1_36' title='bbox 954 1341 1109 1422; x_wconf 90' lang='lat' dir='ltr'><strong>scriptum</strong></span> <span class='ocrx_word' id='word_1_37' title='bbox 1140 1344 1209 1403; x_wconf 89' lang='lat' dir='ltr'><strong>erat</strong></span> <span class='ocrx_word' id='word_1_38' title='bbox 1234 1336 1450 1423; x_wconf 89' lang='lat' dir='ltr'><strong>Syracusanos</strong></span> <span class='ocrx_word' id='word_1_39' title='bbox 1473 1336 1639 1426; x_wconf 84' lang='lat' dir='ltr'><strong>Carthagi-</strong></span> 
     </span>
     <span class='ocr_line' id='line_1_7' title="bbox 448 1442 1638 1513; baseline -0.001 -1"><span class='ocrx_word' id='word_1_40' title='bbox 448 1448 611 1513; x_wconf 90' lang='lat' dir='ltr'><strong>niensibus</strong></span> <span class='ocrx_word' id='word_1_41' title='bbox 648 1444 771 1512; x_wconf 84' lang='lat' dir='ltr'><strong>hellam</strong></span> <span class='ocrx_word' id='word_1_42' title='bbox 804 1444 921 1510; x_wconf 83' lang='lat' dir='ltr'><strong>inferre</strong></span> <span class='ocrx_word' id='word_1_43' title='bbox 965 1444 1141 1511; x_wconf 83' lang='lat' dir='ltr'><strong>decrevisse</strong></span> <span class='ocrx_word' id='word_1_44' title='bbox 1176 1447 1238 1510; x_wconf 94' lang='lat' dir='ltr'><strong>nisi</strong></span> <span class='ocrx_word' id='word_1_45' title='bbox 1270 1467 1288 1511; x_wconf 91' lang='lat' dir='ltr'><strong>e</strong></span> <span class='ocrx_word' id='word_1_46' title='bbox 1323 1442 1519 1511; x_wconf 81' lang='lat' dir='ltr'><strong>Graecorum</strong></span> <span class='ocrx_word' id='word_1_47' title='bbox 1553 1467 1572 1512; x_wconf 91' lang='lat' dir='ltr'><strong>a</strong></span> <span class='ocrx_word' id='word_1_48' title='bbox 1605 1467 1638 1511; x_wconf 90' lang='lat' dir='ltr'><strong>ee</strong></span> 
     </span>
     <span class='ocr_line' id='line_1_8' title="bbox 449 1550 998 1631; baseline -0.009 -11"><span class='ocrx_word' id='word_1_49' title='bbox 449 1555 588 1620; x_wconf 90' lang='lat' dir='ltr'><strong>subactis</strong></span> <span class='ocrx_word' id='word_1_50' title='bbox 611 1553 745 1617; x_wconf 90' lang='lat' dir='ltr'><strong>urbibus</strong></span> <span class='ocrx_word' id='word_1_51' title='bbox 767 1551 949 1617; x_wconf 89' lang='lat' dir='ltr'><strong>recederent</strong></span> <span class='ocrx_word' id='word_1_52' title='bbox 960 1550 998 1631; x_wconf 76' lang='lat'><strong>²).</strong></span> 
     </span>
    </p>

    <p class='ocr_par' dir='ltr' id='par_1_4' title="bbox 367 1658 1639 2176">
     <span class='ocr_line' id='line_1_9' title="bbox 494 1658 1639 1746; baseline -0.003 -19"><span class='ocrx_word' id='word_1_53' title='bbox 494 1658 783 1746; x_wconf 78' lang='lat' dir='ltr'><strong>Carthaginienses,</strong></span> <span class='ocrx_word' id='word_1_54' title='bbox 821 1678 959 1743; x_wconf 91' lang='lat' dir='ltr'><strong>quorum</strong></span> <span class='ocrx_word' id='word_1_55' title='bbox 999 1677 1211 1743; x_wconf 90' lang='lat' dir='ltr'><strong>permaguum</strong></span> <span class='ocrx_word' id='word_1_56' title='bbox 1251 1679 1423 1723; x_wconf 91' lang='lat' dir='ltr'><strong>numerum</strong></span> <span class='ocrx_word' id='word_1_57' title='bbox 1455 1658 1639 1746; x_wconf 90' lang='lat' dir='ltr'><strong>pestilentia</strong></span> 
     </span>
     <span class='ocr_line' id='line_1_10' title="bbox 448 1762 1639 1851; baseline -0.003 -17"><span class='ocrx_word' id='word_1_58' title='bbox 448 1770 629 1834; x_wconf 80' lang='lat' dir='ltr'><strong>extinxerat</strong></span> <span class='ocrx_word' id='word_1_59' title='bbox 654 1786 755 1851; x_wconf 90' lang='lat' dir='ltr'><strong>neque</strong></span> <span class='ocrx_word' id='word_1_60' title='bbox 784 1767 888 1851; x_wconf 88' lang='lat' dir='ltr'><strong>igitur</strong></span> <span class='ocrx_word' id='word_1_61' title='bbox 917 1763 958 1828; x_wconf 93' lang='lat' dir='ltr'><strong>ad</strong></span> <span class='ocrx_word' id='word_1_62' title='bbox 988 1762 1110 1828; x_wconf 90' lang='lat' dir='ltr'><strong>bellum</strong></span> <span class='ocrx_word' id='word_1_63' title='bbox 1141 1767 1254 1848; x_wconf 88' lang='lat' dir='ltr'><strong>parati,</strong></span> <span class='ocrx_word' id='word_1_64' title='bbox 1279 1770 1386 1830; x_wconf 88' lang='lat' dir='ltr'><strong>tamen</strong></span> <span class='ocrx_word' id='word_1_65' title='bbox 1409 1787 1483 1830; x_wconf 90' lang='lat' dir='ltr'><strong>cnm</strong></span> <span class='ocrx_word' id='word_1_66' title='bbox 1505 1765 1639 1851; x_wconf 86' lang='lat' dir='ltr'><strong>Syracu·</strong></span> 
     </span>
     <span class='ocr_line' id='line_1_11' title="bbox 448 1871 1639 1957; baseline -0.003 -17"><span class='ocrx_word' id='word_1_67' title='bbox 448 1878 533 1940; x_wconf 90' lang='lat' dir='ltr'><strong>sanis</strong></span> <span class='ocrx_word' id='word_1_68' title='bbox 562 1871 684 1940; x_wconf 89' lang='lat' dir='ltr'><strong>bellum</strong></span> <span class='ocrx_word' id='word_1_69' title='bbox 713 1874 796 1937; x_wconf 88' lang='lat' dir='ltr'><strong>inire</strong></span> <span class='ocrx_word' id='word_1_70' title='bbox 826 1879 858 1936; x_wconf 92' lang='lat' dir='ltr'><strong>et</strong></span> <span class='ocrx_word' id='word_1_71' title='bbox 880 1892 978 1957; x_wconf 88' lang='lat' dir='ltr'><strong>quam</strong></span> <span class='ocrx_word' id='word_1_72' title='bbox 1001 1874 1182 1936; x_wconf 81' lang='lat' dir='ltr'><strong>marimum</strong></span> <span class='ocrx_word' id='word_1_73' title='bbox 1206 1892 1377 1937; x_wconf 89' lang='lat' dir='ltr'><strong>nnmerum</strong></span> <span class='ocrx_word' id='word_1_74' title='bbox 1400 1872 1545 1937; x_wconf 87' lang='lat' dir='ltr'><strong>militum</strong></span> <span class='ocrx_word' id='word_1_75' title='bbox 1568 1893 1639 1938; x_wconf 91' lang='lat' dir='ltr'><strong>con·</strong></span> 
     </span>
     <span class='ocr_line' id='line_1_12' title="bbox 367 1976 1637 2063; baseline -0.002 -17"><span class='ocrx_word' id='word_1_76' title='bbox 367 2036 371 2046; x_wconf 92' lang='lat'>.</span> <span class='ocrx_word' id='word_1_77' title='bbox 448 1982 561 2047; x_wconf 89' lang='lat' dir='ltr'><strong>ducere</strong></span> <span class='ocrx_word' id='word_1_78' title='bbox 586 1983 829 2055; x_wconf 88' lang='lat' dir='ltr'><strong>constituerunt,</strong></span> <span class='ocrx_word' id='word_1_79' title='bbox 861 1999 939 2063; x_wconf 92' lang='lat' dir='ltr'><strong>qnos</strong></span> <span class='ocrx_word' id='word_1_80' title='bbox 968 1976 1009 2042; x_wconf 92' lang='lat' dir='ltr'><strong>ad</strong></span> <span class='ocrx_word' id='word_1_81' title='bbox 1035 1977 1265 2042; x_wconf 90' lang='lat' dir='ltr'><strong>contrahendos</strong></span> <span class='ocrx_word' id='word_1_82' title='bbox 1288 1978 1458 2044; x_wconf 90' lang='lat' dir='ltr'><strong>nonnullos</strong></span> <span class='ocrx_word' id='word_1_83' title='bbox 1480 1985 1637 2044; x_wconf 90' lang='lat' dir='ltr'><strong>senatores</strong></span> 
     </span>
     <span class='ocr_line' id='line_1_13' title="bbox 449 2084 1294 2176; baseline -0.007 -22"><span class='ocrx_word' id='word_1_84' title='bbox 449 2108 664 2176; x_wconf 89' lang='lat' dir='ltr'><strong>magnacum</strong></span> <span class='ocrx_word' id='word_1_85' title='bbox 688 2087 822 2172; x_wconf 88' lang='lat' dir='ltr'><strong>pecunia</strong></span> <span class='ocrx_word' id='word_1_86' title='bbox 844 2087 878 2149; x_wconf 93' lang='lat' dir='ltr'><strong>in</strong></span> <span class='ocrx_word' id='word_1_87' title='bbox 901 2084 1064 2169; x_wconf 81' lang='lat' dir='ltr'><strong>Europam</strong></span> <span class='ocrx_word' id='word_1_88' title='bbox 1087 2087 1246 2149; x_wconf 86' lang='lat' dir='ltr'><strong>miserunt</strong></span> <span class='ocrx_word' id='word_1_89' title='bbox 1272 2091 1294 2166; x_wconf 86' lang='lat'><strong>).</strong></span> 
     </span>
    </p>

    <p class='ocr_par' dir='ltr' id='par_1_5' title="bbox 448 2190 1638 2918">
     <span class='ocr_line' id='line_1_14' title="bbox 492 2190 1636 2282; baseline -0.003 -22"><span class='ocrx_word' id='word_1_90' title='bbox 492 2194 766 2282; x_wconf 76' lang='lat' dir='ltr'><strong>Syracusanorum</strong></span> <span class='ocrx_word' id='word_1_91' title='bbox 789 2194 910 2256; x_wconf 88' lang='lat' dir='ltr'><strong>interea</strong></span> <span class='ocrx_word' id='word_1_92' title='bbox 931 2190 1061 2277; x_wconf 86' lang='lat' dir='ltr'><strong>legatus</strong></span> <span class='ocrx_word' id='word_1_93' title='bbox 1084 2212 1159 2256; x_wconf 91' lang='lat' dir='ltr'><strong>cum</strong></span> <span class='ocrx_word' id='word_1_94' title='bbox 1182 2190 1314 2256; x_wconf 91' lang='lat' dir='ltr'><strong>domum</strong></span> <span class='ocrx_word' id='word_1_95' title='bbox 1338 2191 1496 2270; x_wconf 87' lang='lat' dir='ltr'><strong>rediisset,</strong></span> <span class='ocrx_word' id='word_1_96' title='bbox 1516 2190 1636 2280; x_wconf 90' lang='lat' dir='ltr'><strong>Diony-</strong></span> 
     </span>
     <span class='ocr_line' id='line_1_15' title="bbox 449 2294 1636 2380; baseline -0.003 -13"><span class='ocrx_word' id='word_1_97' title='bbox 449 2304 516 2367; x_wconf 92' lang='lat' dir='ltr'><strong>sius</strong></span> <span class='ocrx_word' id='word_1_98' title='bbox 535 2299 660 2366; x_wconf 87' lang='lat' dir='ltr'><strong>delectu</strong></span> <span class='ocrx_word' id='word_1_99' title='bbox 679 2299 788 2364; x_wconf 91' lang='lat' dir='ltr'><strong>habito</strong></span> <span class='ocrx_word' id='word_1_100' title='bbox 807 2297 883 2362; x_wconf 90' lang='lat' dir='ltr'><strong>belli</strong></span> <span class='ocrx_word' id='word_1_101' title='bbox 901 2300 1035 2362; x_wconf 88' lang='lat' dir='ltr'><strong>initium</strong></span> <span class='ocrx_word' id='word_1_102' title='bbox 1054 2297 1129 2362; x_wconf 84' lang='lat' dir='ltr'><strong>fecit</strong></span> <span class='ocrx_word' id='word_1_103' title='bbox 1141 2302 1167 2378; x_wconf 78' lang='lat'><strong>⁴)</strong></span> <span class='ocrx_word' id='word_1_104' title='bbox 1187 2299 1235 2376; x_wconf 84' lang='lat' dir='ltr'><strong>(a⁰</strong></span> <span class='ocrx_word' id='word_1_105' title='bbox 1256 2294 1338 2362; x_wconf 82' lang='lat'><strong>397⁰</strong></span> <span class='ocrx_word' id='word_1_106' title='bbox 1357 2319 1385 2363; x_wconf 88' lang='lat' dir='ltr'><strong>a.</strong></span> <span class='ocrx_word' id='word_1_107' title='bbox 1406 2297 1481 2365; x_wconf 86' lang='lat' dir='ltr'><strong>Chr.</strong></span> <span class='ocrx_word' id='word_1_108' title='bbox 1502 2302 1636 2380; x_wconf 86' lang='lat' dir='ltr'><strong>n.)etin</strong></span> 
     </span>
     <span class='ocr_line' id='line_1_16' title="bbox 449 2403 1637 2492; baseline -0.003 -19"><span class='ocrx_word' id='word_1_109' title='bbox 449 2406 658 2474; x_wconf 88' lang='lat' dir='ltr'><strong>occidentales</strong></span> <span class='ocrx_word' id='word_1_110' title='bbox 688 2412 794 2491; x_wconf 91' lang='lat' dir='ltr'><strong>partes</strong></span> <span class='ocrx_word' id='word_1_111' title='bbox 823 2404 948 2470; x_wconf 86' lang='lat' dir='ltr'><strong>insulae</strong></span> <span class='ocrx_word' id='word_1_112' title='bbox 976 2404 1147 2482; x_wconf 88' lang='lat' dir='ltr'><strong>contendit,</strong></span> <span class='ocrx_word' id='word_1_113' title='bbox 1179 2425 1241 2489; x_wconf 92' lang='lat' dir='ltr'><strong>quo</strong></span> <span class='ocrx_word' id='word_1_114' title='bbox 1263 2407 1298 2469; x_wconf 90' lang='lat' dir='ltr'><strong>in</strong></span> <span class='ocrx_word' id='word_1_115' title='bbox 1320 2407 1434 2469; x_wconf 90' lang='lat' dir='ltr'><strong>itinere</strong></span> <span class='ocrx_word' id='word_1_116' title='bbox 1456 2403 1637 2492; x_wconf 88' lang='lat' dir='ltr'><strong>complures</strong></span> 
     </span>
     <span class='ocr_line' id='line_1_17' title="bbox 449 2508 1638 2595; baseline -0.003 -15"><span class='ocrx_word' id='word_1_117' title='bbox 449 2515 553 2588; x_wconf 88' lang='lat' dir='ltr'><strong>urbes,</strong></span> <span class='ocrx_word' id='word_1_118' title='bbox 566 2513 724 2578; x_wconf 85' lang='lat' dir='ltr'><strong>libertatis</strong></span> <span class='ocrx_word' id='word_1_119' title='bbox 735 2509 965 2595; x_wconf 87' lang='lat' dir='ltr'><strong>recuperandae</strong></span> <span class='ocrx_word' id='word_1_120' title='bbox 977 2508 1198 2595; x_wconf 80' lang='lat' dir='ltr'><strong>sapidissimas</strong></span> <span class='ocrx_word' id='word_1_121' title='bbox 1209 2508 1301 2575; x_wconf 87' lang='lat' dir='ltr'><strong>facile</strong></span> <span class='ocrx_word' id='word_1_122' title='bbox 1312 2511 1375 2575; x_wconf 91' lang='lat' dir='ltr'><strong>sibi</strong></span> <span class='ocrx_word' id='word_1_123' title='bbox 1385 2511 1543 2589; x_wconf 82' lang='lat' dir='ltr'><strong>adiunxit,</strong></span> <span class='ocrx_word' id='word_1_124' title='bbox 1553 2514 1638 2577; x_wconf 89' lang='lat' dir='ltr'><strong>inter</strong></span> 
     </span>
     <span class='ocr_line' id='line_1_18' title="bbox 449 2614 1637 2709; baseline -0.004 -21"><span class='ocrx_word' id='word_1_125' title='bbox 449 2642 527 2709; x_wconf 87' lang='lat' dir='ltr'><strong>quas</strong></span> <span class='ocrx_word' id='word_1_126' title='bbox 557 2623 655 2686; x_wconf 90' lang='lat' dir='ltr'><strong>etiam</strong></span> <span class='ocrx_word' id='word_1_127' title='bbox 685 2616 977 2705; x_wconf 80' lang='lat' dir='ltr'><strong>Agrigentinorum</strong></span> <span class='ocrx_word' id='word_1_128' title='bbox 1006 2616 1082 2681; x_wconf 90' lang='lat' dir='ltr'><strong>urbs</strong></span> <span class='ocrx_word' id='word_1_129' title='bbox 1113 2622 1229 2696; x_wconf 82' lang='lat' dir='ltr'><strong>erat⁵).</strong></span> <span class='ocrx_word' id='word_1_130' title='bbox 1261 2614 1576 2704; x_wconf 78' lang='lat' dir='ltr'><strong>Carthaginiensium</strong></span> <span class='ocrx_word' id='word_1_131' title='bbox 1603 2621 1637 2683; x_wconf 92' lang='lat' dir='ltr'><strong>in</strong></span> 
     </span>
     <span class='ocr_line' id='line_1_19' title="bbox 448 2722 1636 2816; baseline -0.003 -21"><span class='ocrx_word' id='word_1_132' title='bbox 448 2731 648 2816; x_wconf 83' lang='lat' dir='ltr'><strong>provinciam</strong></span> <span class='ocrx_word' id='word_1_133' title='bbox 670 2747 745 2791; x_wconf 91' lang='lat' dir='ltr'><strong>cum</strong></span> <span class='ocrx_word' id='word_1_134' title='bbox 768 2727 918 2801; x_wconf 72' lang='lat' dir='ltr'><strong>venmset,</strong></span> <span class='ocrx_word' id='word_1_135' title='bbox 942 2723 1073 2810; x_wconf 79' lang='lat' dir='ltr'><strong>Erycini</strong></span> <span class='ocrx_word' id='word_1_136' title='bbox 1094 2726 1220 2809; x_wconf 82' lang='lat' dir='ltr'><strong>ingenti</strong></span> <span class='ocrx_word' id='word_1_137' title='bbox 1241 2722 1387 2810; x_wconf 89' lang='lat' dir='ltr'><strong>Dionysii</strong></span> <span class='ocrx_word' id='word_1_138' title='bbox 1406 2727 1547 2791; x_wconf 81' lang='lat' dir='ltr'><strong>exercitu</strong></span> <span class='ocrx_word' id='word_1_139' title='bbox 1567 2747 1636 2812; x_wconf 87' lang='lat' dir='ltr'><strong>per·</strong></span> 
     </span>
     <span class='ocr_line' id='line_1_20' title="bbox 448 2828 1635 2918; baseline -0.003 -15"><span class='ocrx_word' id='word_1_140' title='bbox 448 2839 554 2903; x_wconf 89' lang='lat' dir='ltr'><strong>territi</strong></span> <span class='ocrx_word' id='word_1_141' title='bbox 566 2835 592 2916; x_wconf 82' lang='lat'><strong>⁸)</strong></span> <span class='ocrx_word' id='word_1_142' title='bbox 623 2835 732 2899; x_wconf 87' lang='lat' dir='ltr'><strong>statim</strong></span> <span class='ocrx_word' id='word_1_143' title='bbox 763 2832 802 2897; x_wconf 89' lang='lat' dir='ltr'><strong>ad</strong></span> <span class='ocrx_word' id='word_1_144' title='bbox 832 2852 907 2896; x_wconf 89' lang='lat' dir='ltr'><strong>eum</strong></span> <span class='ocrx_word' id='word_1_145' title='bbox 930 2830 1111 2896; x_wconf 82' lang='lat' dir='ltr'><strong>deiecerunt</strong></span> <span class='ocrx_word' id='word_1_146' title='bbox 1124 2828 1160 2910; x_wconf 86' lang='lat'><strong>⁷),</strong></span> <span class='ocrx_word' id='word_1_147' title='bbox 1185 2829 1331 2918; x_wconf 89' lang='lat' dir='ltr'><strong>Motyaei</strong></span> <span class='ocrx_word' id='word_1_148' title='bbox 1354 2839 1474 2908; x_wconf 88' lang='lat' dir='ltr'><strong>autem,</strong></span> <span class='ocrx_word' id='word_1_149' title='bbox 1498 2853 1635 2918; x_wconf 90' lang='lat' dir='ltr'><strong>quorum</strong></span> 
     </span>
    </p>
   </div>
   <div class='ocr_carea' id='block_1_3' title="bbox 445 2935 1636 3343">
    <p class='ocr_par' dir='ltr' id='par_1_6' title="bbox 445 2935 1636 3343">
     <span class='ocr_line' id='line_1_21' title="bbox 446 2935 1636 3027; baseline -0.003 -17"><span class='ocrx_word' id='word_1_150' title='bbox 446 2944 486 3009; x_wconf 89' lang='lat' dir='ltr'><strong>ad</strong></span> <span class='ocrx_word' id='word_1_151' title='bbox 508 2944 622 3009; x_wconf 91' lang='lat' dir='ltr'><strong>urbem</strong></span> <span class='ocrx_word' id='word_1_152' title='bbox 642 2940 818 3027; x_wconf 92' lang='lat' dir='ltr'><strong>Dionysius</strong></span> <span class='ocrx_word' id='word_1_153' title='bbox 838 2940 1015 3003; x_wconf 80' lang='lat' dir='ltr'><strong>exercitum</strong></span> <span class='ocrx_word' id='word_1_154' title='bbox 1035 2936 1128 3001; x_wconf 82' lang='lat' dir='ltr'><strong>duxit</strong></span> <span class='ocrx_word' id='word_1_155' title='bbox 1147 2936 1242 3002; x_wconf 87' lang='lat' dir='ltr'><strong>fidem</strong></span> <span class='ocrx_word' id='word_1_156' title='bbox 1262 2958 1339 3024; x_wconf 88' lang='lat' dir='ltr'><strong>erga</strong></span> <span class='ocrx_word' id='word_1_157' title='bbox 1357 2935 1636 3026; x_wconf 83' lang='lat' dir='ltr'><strong>Carthaginienses</strong></span> 
     </span>
     <span class='ocr_line' id='line_1_22' title="bbox 446 3043 1636 3133; baseline -0.003 -16"><span class='ocrx_word' id='word_1_158' title='bbox 446 3054 664 3126; x_wconf 83' lang='lat' dir='ltr'><strong>servaverunt,</strong></span> <span class='ocrx_word' id='word_1_159' title='bbox 696 3067 794 3132; x_wconf 89' lang='lat' dir='ltr'><strong>quam</strong></span> <span class='ocrx_word' id='word_1_160' title='bbox 825 3045 865 3109; x_wconf 95' lang='lat' dir='ltr'><strong>ob</strong></span> <span class='ocrx_word' id='word_1_161' title='bbox 896 3065 963 3108; x_wconf 86' lang='lat' dir='ltr'><strong>rem</strong></span> <span class='ocrx_word' id='word_1_162' title='bbox 991 3044 1104 3109; x_wconf 91' lang='lat' dir='ltr'><strong>urhem</strong></span> <span class='ocrx_word' id='word_1_163' title='bbox 1127 3043 1269 3109; x_wconf 86' lang='lat' dir='ltr'><strong>obsidere</strong></span> <span class='ocrx_word' id='word_1_164' title='bbox 1291 3046 1405 3130; x_wconf 91' lang='lat' dir='ltr'><strong>coepit.</strong></span> <span class='ocrx_word' id='word_1_165' title='bbox 1429 3044 1636 3133; x_wconf 79' lang='lat' dir='ltr'><strong>Expugnarit</strong></span> 
     </span>
     <span class='ocr_line' id='line_1_23' title="bbox 446 3151 1632 3245; baseline -0.003 -22"><span class='ocrx_word' id='word_1_166' title='bbox 446 3158 575 3245; x_wconf 87' lang='lat' dir='ltr'><strong>quidem</strong></span> <span class='ocrx_word' id='word_1_167' title='bbox 599 3154 774 3241; x_wconf 88' lang='lat' dir='ltr'><strong>Dionysius</strong></span> <span class='ocrx_word' id='word_1_168' title='bbox 798 3152 932 3239; x_wconf 87' lang='lat' dir='ltr'><strong>Motyen</strong></span> <span class='ocrx_word' id='word_1_169' title='bbox 955 3151 1009 3216; x_wconf 88' lang='lat' dir='ltr'><strong>sed</strong></span> <span class='ocrx_word' id='word_1_170' title='bbox 1032 3172 1108 3216; x_wconf 83' lang='lat' dir='ltr'><strong>mox</strong></span> <span class='ocrx_word' id='word_1_171' title='bbox 1131 3153 1240 3216; x_wconf 88' lang='lat' dir='ltr'><strong>amisit</strong></span> <span class='ocrx_word' id='word_1_172' title='bbox 1251 3153 1289 3232; x_wconf 86' lang='lat'><strong>⁸),</strong></span> <span class='ocrx_word' id='word_1_173' title='bbox 1309 3173 1406 3238; x_wconf 91' lang='lat' dir='ltr'><strong>quare</strong></span> <span class='ocrx_word' id='word_1_174' title='bbox 1425 3160 1585 3239; x_wconf 87' lang='lat' dir='ltr'><strong>praestare</strong></span> <span class='ocrx_word' id='word_1_175' title='bbox 1605 3158 1632 3221; x_wconf 92' lang='lat' dir='ltr'><strong>ei</strong></span> 
     </span>
     <span class='ocr_line' id='line_1_24' title="bbox 445 3256 1632 3343; baseline -0.003 -13"><span class='ocrx_word' id='word_1_176' title='bbox 445 3264 614 3331; x_wconf 85' lang='lat' dir='ltr'><strong>videbatur</strong></span> <span class='ocrx_word' id='word_1_177' title='bbox 643 3259 764 3326; x_wconf 84' lang='lat' dir='ltr'><strong>bellum</strong></span> <span class='ocrx_word' id='word_1_178' title='bbox 792 3261 826 3324; x_wconf 92' lang='lat' dir='ltr'><strong>in</strong></span> <span class='ocrx_word' id='word_1_179' title='bbox 851 3257 949 3324; x_wconf 88' lang='lat' dir='ltr'><strong>aliam</strong></span> <span class='ocrx_word' id='word_1_180' title='bbox 968 3256 1098 3323; x_wconf 89' lang='lat' dir='ltr'><strong>Siciliae</strong></span> <span class='ocrx_word' id='word_1_181' title='bbox 1116 3264 1240 3343; x_wconf 90' lang='lat' dir='ltr'><strong>partem</strong></span> <span class='ocrx_word' id='word_1_182' title='bbox 1260 3259 1430 3326; x_wconf 88' lang='lat' dir='ltr'><strong>transferre</strong></span> <span class='ocrx_word' id='word_1_183' title='bbox 1449 3266 1482 3327; x_wconf 91' lang='lat' dir='ltr'><strong>et</strong></span> <span class='ocrx_word' id='word_1_184' title='bbox 1500 3261 1632 3327; x_wconf 91' lang='lat' dir='ltr'><strong>domum</strong></span> 
     </span>
    </p>
   </div>
   <div class='ocr_carea' id='block_1_4' title="bbox 446 3370 560 3438">
    <p class='ocr_par' dir='ltr' id='par_1_7' title="bbox 446 3370 560 3438">
     <span class='ocr_line' id='line_1_25' title="bbox 446 3370 560 3438; baseline -0.026 0"><span class='ocrx_word' id='word_1_185' title='bbox 446 3370 560 3438; x_wconf 88' lang='lat' dir='ltr'><strong>redire.</strong></span> 
     </span>
    </p>
   </div>
   <div class='ocr_carea' id='block_1_5' title="bbox 452 3515 645 3526">
    <p class='ocr_par' dir='ltr' id='par_1_8' title="bbox 452 3515 645 3526">
     <span class='ocr_line' id='line_1_26' title="bbox 452 3515 645 3526; baseline -0.021 0"><span class='ocrx_word' id='word_1_186' title='bbox 452 3515 645 3526; x_wconf 80' lang='lat'><strong>-.--—-—</strong></span> 
     </span>
    </p>
   </div>
   <div class='ocr_carea' id='block_1_6' title="bbox 440 3585 1633 4730">
    <p class='ocr_par' dir='ltr' id='par_1_9' title="bbox 482 3585 799 3655">
     <span class='ocr_line' id='line_1_27' title="bbox 482 3585 799 3655; baseline -0.025 -13"><span class='ocrx_word' id='word_1_187' title='bbox 482 3594 506 3655; x_wconf 90' lang='grc'><strong>1)</strong></span> <span class='ocrx_word' id='word_1_188' title='bbox 522 3591 596 3641; x_wconf 86' lang='lat' dir='ltr'><strong>Diod.</strong></span> <span class='ocrx_word' id='word_1_189' title='bbox 612 3590 659 3639; x_wconf 83' lang='lat' dir='ltr'><strong>Sic.</strong></span> <span class='ocrx_word' id='word_1_190' title='bbox 677 3585 741 3645; x_wconf 87' lang='grc' dir='ltr'><strong>ΧΠ,</strong></span> <span class='ocrx_word' id='word_1_191' title='bbox 758 3586 799 3635; x_wconf 70' lang='lat' dir='ltr'><strong>th.</strong></span> 
     </span>
    </p>

    <p class='ocr_par' dir='ltr' id='par_1_10' title="bbox 481 3669 799 3737">
     <span class='ocr_line' id='line_1_28' title="bbox 481 3669 799 3737; baseline -0.022 -13"><span class='ocrx_word' id='word_1_192' title='bbox 481 3675 507 3737; x_wconf 75' lang='lat' dir='ltr'><strong>a)</strong></span> <span class='ocrx_word' id='word_1_193' title='bbox 522 3673 594 3724; x_wconf 88' lang='lat' dir='ltr'><strong>Diod.</strong></span> <span class='ocrx_word' id='word_1_194' title='bbox 612 3672 659 3722; x_wconf 87' lang='lat' dir='ltr'><strong>Sic.</strong></span> <span class='ocrx_word' id='word_1_195' title='bbox 676 3670 741 3728; x_wconf 81' lang='lat' dir='ltr'><strong>XIV,</strong></span> <span class='ocrx_word' id='word_1_196' title='bbox 758 3669 799 3718; x_wconf 73' lang='lat' dir='ltr'><strong>td.</strong></span> 
     </span>
    </p>

    <p class='ocr_par' dir='ltr' id='par_1_11' title="bbox 481 3748 798 3820">
     <span class='ocr_line' id='line_1_29' title="bbox 481 3748 798 3820; baseline -0.032 -12"><span class='ocrx_word' id='word_1_197' title='bbox 481 3758 505 3820; x_wconf 82' lang='lat'><strong>8)</strong></span> <span class='ocrx_word' id='word_1_198' title='bbox 522 3755 594 3807; x_wconf 87' lang='lat' dir='ltr'><strong>Diod.</strong></span> <span class='ocrx_word' id='word_1_199' title='bbox 611 3755 658 3804; x_wconf 88' lang='lat' dir='ltr'><strong>Sic.</strong></span> <span class='ocrx_word' id='word_1_200' title='bbox 675 3750 741 3813; x_wconf 93' lang='grc' dir='ltr'><strong>ΧΠ,</strong></span> <span class='ocrx_word' id='word_1_201' title='bbox 757 3748 798 3800; x_wconf 75' lang='lat'><strong>47.</strong></span> 
     </span>
    </p>

    <p class='ocr_par' dir='ltr' id='par_1_12' title="bbox 442 3827 1633 4400">
     <span class='ocr_line' id='line_1_30' title="bbox 477 3827 1633 3903; baseline -0.016 -14"><span class='ocrx_word' id='word_1_202' title='bbox 477 3843 502 3903; x_wconf 78' lang='lat' dir='ltr'><strong>t)</strong></span> <span class='ocrx_word' id='word_1_203' title='bbox 519 3841 611 3889; x_wconf 77' lang='lat' dir='ltr'><strong>Revera</strong></span> <span class='ocrx_word' id='word_1_204' title='bbox 635 3836 683 3886; x_wconf 88' lang='lat' dir='ltr'><strong>ism</strong></span> <span class='ocrx_word' id='word_1_205' title='bbox 707 3841 763 3884; x_wconf 80' lang='lat' dir='ltr'><strong>ants</strong></span> <span class='ocrx_word' id='word_1_206' title='bbox 785 3829 860 3895; x_wconf 81' lang='lat' dir='ltr'><strong>legati</strong></span> <span class='ocrx_word' id='word_1_207' title='bbox 884 3828 1057 3892; x_wconf 79' lang='lat' dir='ltr'><strong>Carthaginem</strong></span> <span class='ocrx_word' id='word_1_208' title='bbox 1079 3827 1147 3877; x_wconf 85' lang='lat' dir='ltr'><strong>missi</strong></span> <span class='ocrx_word' id='word_1_209' title='bbox 1169 3829 1274 3879; x_wconf 83' lang='lat' dir='ltr'><strong>reditum</strong></span> <span class='ocrx_word' id='word_1_210' title='bbox 1298 3831 1442 3897; x_wconf 63' lang='lat' dir='ltr'><strong>Syracusani</strong></span> <span class='ocrx_word' id='word_1_211' title='bbox 1459 3834 1519 3884; x_wconf 60' lang='lat' dir='ltr'><strong>belli</strong></span> <span class='ocrx_word' id='word_1_212' title='bbox 1536 3834 1633 3886; x_wconf 62' lang='lat' dir='ltr'><strong>initium</strong></span> 
     </span>
     <span class='ocr_line' id='line_1_31' title="bbox 447 3909 1632 3973; baseline -0.014 0"><span class='ocrx_word' id='word_1_213' title='bbox 447 3925 554 3973; x_wconf 82' lang='lat' dir='ltr'><strong>lacerent</strong></span> <span class='ocrx_word' id='word_1_214' title='bbox 569 3936 626 3971; x_wconf 89' lang='lat' dir='ltr'><strong>uam</strong></span> <span class='ocrx_word' id='word_1_215' title='bbox 644 3926 706 3969; x_wconf 81' lang='lat' dir='ltr'><strong>teste</strong></span> <span class='ocrx_word' id='word_1_216' title='bbox 723 3915 831 3965; x_wconf 90' lang='lat' dir='ltr'><strong>Diodoro</strong></span> <span class='ocrx_word' id='word_1_217' title='bbox 848 3912 930 3962; x_wconf 87' lang='lat' dir='ltr'><strong>Siculo</strong></span> <span class='ocrx_word' id='word_1_218' title='bbox 946 3910 1019 3973; x_wconf 91' lang='grc' dir='ltr'>(ΧΠ,</span> <span class='ocrx_word' id='word_1_219' title='bbox 1034 3911 1088 3972; x_wconf 75' lang='grc' dir='ltr'><strong><em>46)ι</em></strong></span> <span class='ocrx_word' id='word_1_220' title='bbox 1103 3911 1177 3959; x_wconf 79' lang='grc' dir='ltr'><strong><em>Μεσα</em></strong></span> <span class='ocrx_word' id='word_1_221' title='bbox 1192 3909 1219 3959; x_wconf 67' lang='lat' dir='ltr'><strong>dl</strong></span> <span class='ocrx_word' id='word_1_222' title='bbox 1234 3911 1280 3970; x_wconf 72' lang='grc' dir='ltr'><strong>τὴν</strong></span> <span class='ocrx_word' id='word_1_223' title='bbox 1295 3910 1429 3973; x_wconf 73' lang='grc' dir='ltr'><strong><em>ὂκκλιρσίαν</em></strong></span> <span class='ocrx_word' id='word_1_224' title='bbox 1443 3919 1489 3965; x_wconf 67' lang='grc' dir='ltr'><strong>τιό</strong></span> <span class='ocrx_word' id='word_1_225' title='bbox 1504 3919 1632 3967; x_wconf 60' lang='grc' dir='ltr'><strong><em>Διονυσίου</em></strong></span> 
     </span>
     <span class='ocr_line' id='line_1_32' title="bbox 446 3991 1633 4070; baseline -0.011 -15"><span class='ocrx_word' id='word_1_226' title='bbox 446 4005 492 4064; x_wconf 69' lang='grc' dir='ltr'><strong>τὴν</strong></span> <span class='ocrx_word' id='word_1_227' title='bbox 509 4002 624 4070; x_wconf 70' lang='grc' dir='ltr'><strong><em>ἂξονσίαν</em></strong></span> <span class='ocrx_word' id='word_1_228' title='bbox 641 4000 733 4058; x_wconf 82' lang='grc' dir='ltr'><strong><em>δόνσος,</em></strong></span> <span class='ocrx_word' id='word_1_229' title='bbox 750 3998 776 4048; x_wconf 73' lang='grc' dir='ltr'><strong>οἱ</strong></span> <span class='ocrx_word' id='word_1_230' title='bbox 789 3996 929 4057; x_wconf 75' lang='grc' dir='ltr'><strong><em>Συρακόσιοι</em></strong></span> <span class='ocrx_word' id='word_1_231' title='bbox 947 3996 982 4043; x_wconf 76' lang='lat' dir='ltr'><strong>rit</strong></span> <span class='ocrx_word' id='word_1_232' title='bbox 996 3994 1095 4042; x_wconf 76' lang='grc' dir='ltr'><strong><em>Φοινινα</em></strong></span> <span class='ocrx_word' id='word_1_233' title='bbox 1109 3991 1235 4056; x_wconf 71' lang='grc' dir='ltr'><strong><em>χρήματα</em></strong></span> <span class='ocrx_word' id='word_1_234' title='bbox 1249 3993 1393 4057; x_wconf 71' lang='grc' dir='ltr'><strong><em>διήρπασαν.</em></strong></span> <span class='ocrx_word' id='word_1_235' title='bbox 1408 3998 1490 4064; x_wconf 87' lang='lat' dir='ltr'><strong>Pergit</strong></span> <span class='ocrx_word' id='word_1_236' title='bbox 1503 3999 1633 4050; x_wconf 67' lang='lat' dir='ltr'><strong>Dicdum:</strong></span> 
     </span>
     <span class='ocr_line' id='line_1_33' title="bbox 446 4074 1633 4151; baseline -0.007 -12"><span class='ocrx_word' id='word_1_237' title='bbox 446 4088 498 4139; x_wconf 78' lang='grc' dir='ltr'><strong><em>Οἷιιε</em></strong></span> <span class='ocrx_word' id='word_1_238' title='bbox 509 4088 591 4151; x_wconf 81' lang='grc' dir='ltr'><strong><em>ὀλίγον</em></strong></span> <span class='ocrx_word' id='word_1_239' title='bbox 608 4088 658 4150; x_wconf 67' lang='grc' dir='ltr'><strong>γὰρ</strong></span> <span class='ocrx_word' id='word_1_240' title='bbox 675 4090 724 4133; x_wconf 73' lang='grc' dir='ltr'><strong>σῶν</strong></span> <span class='ocrx_word' id='word_1_241' title='bbox 741 4077 911 4143; x_wconf 73' lang='grc' dir='ltr'><strong>Καρχηδονίων</strong></span> <span class='ocrx_word' id='word_1_242' title='bbox 928 4077 1004 4138; x_wconf 70' lang='grc' dir='ltr'><strong><em>ᾦκονν</em></strong></span> <span class='ocrx_word' id='word_1_243' title='bbox 1021 4074 1046 4125; x_wconf 70' lang='grc' dir='ltr'><strong>ἐν</strong></span> <span class='ocrx_word' id='word_1_244' title='bbox 1060 4079 1119 4135; x_wconf 74' lang='grc' dir='ltr'><strong><em>ταῖς</em></strong></span> <span class='ocrx_word' id='word_1_245' title='bbox 1134 4076 1299 4140; x_wconf 71' lang='grc' dir='ltr'><strong>Συρακούσαις</strong></span> <span class='ocrx_word' id='word_1_246' title='bbox 1314 4078 1391 4142; x_wconf 69' lang='grc' dir='ltr'><strong><em>ἁδρὰς</em></strong></span> <span class='ocrx_word' id='word_1_247' title='bbox 1403 4080 1510 4145; x_wconf 74' lang='grc' dir='ltr'><strong><em>’ἔχοντες</em></strong></span> <span class='ocrx_word' id='word_1_248' title='bbox 1524 4082 1633 4144; x_wconf 74' lang='grc' dir='ltr'><strong><em>κτήσεις,</em></strong></span> 
     </span>
     <span class='ocr_line' id='line_1_34' title="bbox 446 4155 1632 4227; baseline -0.013 -5"><span class='ocrx_word' id='word_1_249' title='bbox 446 4170 537 4222; x_wconf 71' lang='grc' dir='ltr'><strong><em>πολλοὶ</em></strong></span> <span class='ocrx_word' id='word_1_250' title='bbox 563 4169 590 4219; x_wconf 81' lang='grc' dir='ltr'><strong>δδ</strong></span> <span class='ocrx_word' id='word_1_251' title='bbox 613 4167 655 4217; x_wconf 77' lang='grc' dir='ltr'><strong>ναῒ</strong></span> <span class='ocrx_word' id='word_1_252' title='bbox 676 4171 725 4215; x_wconf 76' lang='grc' dir='ltr'><strong>τόν</strong></span> <span class='ocrx_word' id='word_1_253' title='bbox 748 4161 858 4225; x_wconf 74' lang='grc' dir='ltr'><strong><em>ὗμσόριιν</em></strong></span> <span class='ocrx_word' id='word_1_254' title='bbox 880 4155 951 4223; x_wconf 70' lang='grc' dir='ltr'><strong><em>εἶχον</em></strong></span> <span class='ocrx_word' id='word_1_255' title='bbox 976 4157 1000 4207; x_wconf 71' lang='grc' dir='ltr'><strong>ἂν</strong></span> <span class='ocrx_word' id='word_1_256' title='bbox 1023 4164 1059 4221; x_wconf 71' lang='grc' dir='ltr'><strong>τῷ</strong></span> <span class='ocrx_word' id='word_1_257' title='bbox 1083 4159 1164 4220; x_wconf 70' lang='grc' dir='ltr'><strong><em>λιμένι</em></strong></span> <span class='ocrx_word' id='word_1_258' title='bbox 1189 4163 1238 4220; x_wconf 70' lang='grc' dir='ltr'><strong>τὰς</strong></span> <span class='ocrx_word' id='word_1_259' title='bbox 1255 4165 1312 4220; x_wconf 74' lang='grc' dir='ltr'><strong><em>ναός</em></strong></span> <span class='ocrx_word' id='word_1_260' title='bbox 1326 4163 1456 4226; x_wconf 78' lang='grc' dir='ltr'><strong><em>γεμούσας</em></strong></span> <span class='ocrx_word' id='word_1_261' title='bbox 1471 4165 1584 4227; x_wconf 72' lang='grc' dir='ltr'><strong>φορτίων,</strong></span> <span class='ocrx_word' id='word_1_262' title='bbox 1601 4160 1632 4213; x_wconf 72' lang='grc' dir='ltr'><strong>όν</strong></span> 
     </span>
     <span class='ocr_line' id='line_1_35' title="bbox 443 4242 1632 4314; baseline -0.009 -9"><span class='ocrx_word' id='word_1_263' title='bbox 443 4255 546 4304; x_wconf 59' lang='grc' dir='ltr'><strong><em>ἃπαντα</em></strong></span> <span class='ocrx_word' id='word_1_264' title='bbox 569 4251 713 4314; x_wconf 75' lang='grc' dir='ltr'><strong><em>διεφόρησαν</em></strong></span> <span class='ocrx_word' id='word_1_265' title='bbox 737 4248 763 4297; x_wconf 76' lang='grc' dir='ltr'><strong>οἱ</strong></span> <span class='ocrx_word' id='word_1_266' title='bbox 782 4246 931 4307; x_wconf 80' lang='grc' dir='ltr'><strong><em>Συρακόσιοι.</em></strong></span> <span class='ocrx_word' id='word_1_267' title='bbox 955 4242 1139 4303; x_wconf 77' lang='grc' dir='ltr'><strong><em>Παραπλνσίνς</em></strong></span> <span class='ocrx_word' id='word_1_268' title='bbox 1163 4242 1190 4293; x_wconf 67' lang='grc' dir='ltr'>δί</span> <span class='ocrx_word' id='word_1_269' title='bbox 1213 4243 1255 4293; x_wconf 73' lang='grc' dir='ltr'><strong>καῖ</strong></span> <span class='ocrx_word' id='word_1_270' title='bbox 1272 4245 1298 4294; x_wconf 75' lang='grc' dir='ltr'><strong>οἱ</strong></span> <span class='ocrx_word' id='word_1_271' title='bbox 1313 4247 1395 4295; x_wconf 72' lang='grc' dir='ltr'><strong><em>λοιποὶ</em></strong></span> <span class='ocrx_word' id='word_1_272' title='bbox 1410 4254 1554 4297; x_wconf 69' lang='grc' dir='ltr'><strong><em>Σικελιῶται</em></strong></span> <span class='ocrx_word' id='word_1_273' title='bbox 1571 4249 1632 4305; x_wconf 73' lang='grc' dir='ltr'><strong><em>τοὺς</em></strong></span> 
     </span>
     <span class='ocr_line' id='line_1_36' title="bbox 442 4322 1467 4400; baseline -0.017 -13"><span class='ocrx_word' id='word_1_274' title='bbox 442 4339 501 4400; x_wconf 71' lang='grc' dir='ltr'><strong><em>παρ’</em></strong></span> <span class='ocrx_word' id='word_1_275' title='bbox 518 4335 604 4394; x_wconf 73' lang='grc' dir='ltr'><strong><em>αὐτοῖς</em></strong></span> <span class='ocrx_word' id='word_1_276' title='bbox 622 4333 750 4388; x_wconf 81' lang='grc' dir='ltr'><strong><em>οίκούνσας</em></strong></span> <span class='ocrx_word' id='word_1_277' title='bbox 766 4333 815 4378; x_wconf 74' lang='grc' dir='ltr'><strong>τῶν</strong></span> <span class='ocrx_word' id='word_1_278' title='bbox 832 4327 946 4377; x_wconf 77' lang='grc' dir='ltr'><strong><em>Φοινίκιον</em></strong></span> <span class='ocrx_word' id='word_1_279' title='bbox 964 4322 1123 4386; x_wconf 73' lang='grc' dir='ltr'><strong><em>ὂκβαλόνσες,</em></strong></span> <span class='ocrx_word' id='word_1_280' title='bbox 1140 4328 1188 4383; x_wconf 70' lang='grc' dir='ltr'><strong>τὰς</strong></span> <span class='ocrx_word' id='word_1_281' title='bbox 1204 4326 1307 4386; x_wconf 75' lang='grc' dir='ltr'><strong><em>κτήσεις</em></strong></span> <span class='ocrx_word' id='word_1_282' title='bbox 1323 4325 1467 4390; x_wconf 61' lang='grc' dir='ltr'><strong>διήρπασαν,</strong></span> 
     </span>
    </p>

    <p class='ocr_par' dir='ltr' id='par_1_13' title="bbox 478 4412 794 4482">
     <span class='ocr_line' id='line_1_37' title="bbox 478 4412 794 4482; baseline -0.019 -14"><span class='ocrx_word' id='word_1_283' title='bbox 478 4422 501 4482; x_wconf 80' lang='lat' dir='ltr'><strong>h)</strong></span> <span class='ocrx_word' id='word_1_284' title='bbox 517 4419 590 4470; x_wconf 90' lang='lat' dir='ltr'><strong>Diod.</strong></span> <span class='ocrx_word' id='word_1_285' title='bbox 608 4417 654 4467; x_wconf 69' lang='lat' dir='ltr'><strong>Sia</strong></span> <span class='ocrx_word' id='word_1_286' title='bbox 672 4413 736 4474; x_wconf 86' lang='grc' dir='ltr'><strong>ΧΠ,</strong></span> <span class='ocrx_word' id='word_1_287' title='bbox 754 4412 794 4465; x_wconf 81' lang='lat'><strong>47.</strong></span> 
     </span>
    </p>

    <p class='ocr_par' dir='ltr' id='par_1_14' title="bbox 440 4488 1629 4644">
     <span class='ocr_line' id='line_1_38' title="bbox 476 4488 1629 4566; baseline -0.016 -13"><span class='ocrx_word' id='word_1_288' title='bbox 476 4505 500 4566; x_wconf 82' lang='lat' dir='ltr'><strong>d)</strong></span> <span class='ocrx_word' id='word_1_289' title='bbox 518 4501 589 4552; x_wconf 89' lang='lat' dir='ltr'><strong>Diod.</strong></span> <span class='ocrx_word' id='word_1_290' title='bbox 615 4500 663 4550; x_wconf 75' lang='lat' dir='ltr'><strong>ste.</strong></span> <span class='ocrx_word' id='word_1_291' title='bbox 685 4495 750 4556; x_wconf 83' lang='lat' dir='ltr'><strong>XIV,</strong></span> <span class='ocrx_word' id='word_1_292' title='bbox 775 4495 820 4549; x_wconf 77' lang='lat'><strong>47:</strong></span> <span class='ocrx_word' id='word_1_293' title='bbox 848 4488 912 4555; x_wconf 74' lang='grc' dir='ltr'><strong>Εἶχε</strong></span> <span class='ocrx_word' id='word_1_294' title='bbox 938 4489 965 4540; x_wconf 70' lang='lat' dir='ltr'><strong>dl</strong></span> <span class='ocrx_word' id='word_1_295' title='bbox 988 4489 1081 4555; x_wconf 70' lang='grc' dir='ltr'><strong><em>πεζοὺς</em></strong></span> <span class='ocrx_word' id='word_1_296' title='bbox 1102 4491 1148 4552; x_wconf 78' lang='grc' dir='ltr'><strong>μδν</strong></span> <span class='ocrx_word' id='word_1_297' title='bbox 1173 4492 1384 4556; x_wconf 81' lang='grc' dir='ltr'><strong><em>όκσακιςμνρίονς,</em></strong></span> <span class='ocrx_word' id='word_1_298' title='bbox 1406 4495 1498 4555; x_wconf 52' lang='lat' dir='ltr'><strong>lupiag</strong></span> <span class='ocrx_word' id='word_1_299' title='bbox 1519 4494 1546 4545; x_wconf 68' lang='grc' dir='ltr'><strong>δὲ</strong></span> <span class='ocrx_word' id='word_1_300' title='bbox 1562 4498 1629 4546; x_wconf 57' lang='grc' dir='ltr'><strong>πρὸ</strong></span> 
     </span>
     <span class='ocr_line' id='line_1_39' title="bbox 440 4572 1513 4644; baseline -0.007 -7"><span class='ocrx_word' id='word_1_301' title='bbox 440 4586 541 4644; x_wconf 74' lang='grc' dir='ltr'><strong><em>πλείους</em></strong></span> <span class='ocrx_word' id='word_1_302' title='bbox 558 4590 606 4634; x_wconf 74' lang='grc' dir='ltr'><strong>τῶν</strong></span> <span class='ocrx_word' id='word_1_303' title='bbox 623 4580 776 4644; x_wconf 84' lang='grc' dir='ltr'><strong><em>σριςχιλόιιν,</em></strong></span> <span class='ocrx_word' id='word_1_304' title='bbox 794 4579 852 4635; x_wconf 74' lang='grc' dir='ltr'><strong><em>ναός</em></strong></span> <span class='ocrx_word' id='word_1_305' title='bbox 869 4574 896 4624; x_wconf 68' lang='lat' dir='ltr'><strong>dl</strong></span> <span class='ocrx_word' id='word_1_306' title='bbox 914 4575 1011 4636; x_wconf 67' lang='grc' dir='ltr'><strong><em>μακρὰς</em></strong></span> <span class='ocrx_word' id='word_1_307' title='bbox 1028 4572 1056 4623; x_wconf 81' lang='grc' dir='ltr'><strong>ού</strong></span> <span class='ocrx_word' id='word_1_308' title='bbox 1074 4575 1140 4624; x_wconf 80' lang='grc' dir='ltr'><strong><em>σολδ</em></strong></span> <span class='ocrx_word' id='word_1_309' title='bbox 1158 4575 1294 4635; x_wconf 72' lang='grc' dir='ltr'><strong><em>λειπούσας</em></strong></span> <span class='ocrx_word' id='word_1_310' title='bbox 1311 4581 1360 4626; x_wconf 71' lang='grc' dir='ltr'><strong>τόν</strong></span> <span class='ocrx_word' id='word_1_311' title='bbox 1378 4576 1513 4629; x_wconf 70' lang='grc' dir='ltr'><strong><em>διακοσίων.</em></strong></span> 
     </span>
    </p>

    <p class='ocr_par' dir='ltr' id='par_1_15' title="bbox 476 4658 1396 4730">
     <span class='ocr_line' id='line_1_40' title="bbox 476 4658 1396 4730; baseline -0.022 -11"><span class='ocrx_word' id='word_1_312' title='bbox 476 4670 500 4730; x_wconf 82' lang='grc'><strong>7)</strong></span> <span class='ocrx_word' id='word_1_313' title='bbox 519 4667 587 4717; x_wconf 89' lang='lat' dir='ltr'><strong>Diod.</strong></span> <span class='ocrx_word' id='word_1_314' title='bbox 607 4667 653 4715; x_wconf 87' lang='lat' dir='ltr'><strong>Sic.</strong></span> <span class='ocrx_word' id='word_1_315' title='bbox 670 4661 734 4722; x_wconf 89' lang='grc' dir='ltr'><strong>ΧΠ,</strong></span> <span class='ocrx_word' id='word_1_316' title='bbox 752 4664 793 4711; x_wconf 77' lang='lat'><strong>48.</strong></span> <span class='ocrx_word' id='word_1_317' title='bbox 1079 4659 1103 4718; x_wconf 85' lang='grc'><strong>8)</strong></span> <span class='ocrx_word' id='word_1_318' title='bbox 1122 4658 1192 4709; x_wconf 89' lang='lat' dir='ltr'><strong>Diod.</strong></span> <span class='ocrx_word' id='word_1_319' title='bbox 1211 4660 1257 4709; x_wconf 81' lang='lat' dir='ltr'><strong>Sis.</strong></span> <span class='ocrx_word' id='word_1_320' title='bbox 1274 4659 1339 4719; x_wconf 73' lang='lat' dir='ltr'><strong>xlv,</strong></span> <span class='ocrx_word' id='word_1_321' title='bbox 1358 4663 1396 4710; x_wconf 74' lang='lat'><strong>55,</strong></span> 
     </span>
    </p>
   </div>
   <div class='ocr_carea' id='block_1_7' title="bbox 0 0 1872 5767">
    <p class='ocr_par' dir='ltr' id='par_1_16' title="bbox 0 0 1872 5767">
     <span class='ocr_line' id='line_1_41' title="bbox 0 0 1872 5767; baseline 0 1"><span class='ocrx_word' id='word_1_322' title='bbox 0 0 1872 5767; x_wconf 95' lang='lat' dir='ltr'><strong> </strong></span> 
     </span>
    </p>
   </div>
  </div>
 </body>
</html>
