3734 5767
803 737 846 805 49

232 915 368 999 ὑιιοίρχει
397 917 531 999 Φοινιριί.
557 924 627 983 Τῶν
649 917 675 983 δ’
701 916 843 995 ἄλλονῆ
869 918 963 1001 μίχρι
988 920 1100 998 τοίχων
1123 918 1192 990 τοὺς
1216 921 1284 990 νεὼς
1308 920 1416 986 οίκοδο·

231 1024 367 1102 μοιίντιον
402 1024 419 1098 ἢ
454 1025 531 1089 κίοσι
567 1024 637 1097 τοὺς
673 1026 781 1099 σηκοὺς
815 1025 1120 1106 περιλαμβανόντων,
1153 1021 1238 1098 οὗτος
1272 1026 1419 1107 ἑκατέρας

231 1132 345 1196 τούτων
374 1131 506 1211 μετέχει
537 1138 595 1196 τῶν
627 1133 834 1198 ὑποστάσειον.
869 1133 1133 1214 Σννῳκοδομοῦντο
1171 1132 1234 1210 γὰρ
1269 1134 1294 1197 οἱ
1326 1135 1420 1205 κίονες

231 1244 295 1307 τοῖς
326 1240 453 1316 τοίχοις,
484 1235 590 1314 ἔξωθεν
623 1240 680 1315 μὶν
703 1240 900 1322 στρογγύλοι,
925 1239 960 1304 τί
985 1239 1011 1303 δ’
1038 1240 1118 1311 ἔντος
1144 1244 1197 1303 τοῦ
1218 1240 1271 1304 νεὼ
1295 1242 1419 1320 ἔχοντες

233 1345 433 1424 τετράγωνον·
466 1346 518 1410 κοί
550 1350 603 1409 τοῦ
634 1346 690 1423 μὲν
722 1347 807 1418 ίκιίς
838 1348 945 1423 μέρους
970 1345 1053 1410 ἐστίν
1078 1348 1178 1409 αὐτῶν
1203 1348 1219 1419 ἡ
1243 1346 1420 1424 περιφέρειν

233 1451 328 1516 τοδῶν
351 1451 455 1530 είκοσι,
479 1455 546 1517 καθ’
572 1443 605 1526 ἣν
628 1454 671 1524 είς
696 1454 737 1516 τοὶ
762 1451 964 1529 διιοξιίσμιιτοο
988 1453 1117 1517 δίναισι
1138 1454 1315 1532 ῶνίριίνιινον
1335 1454 1420 1532 ε’νοιρ-

233 1557 379 1637 μίζεσίοιι
415 1560 518 1637 σῶμα,
553 1564 607 1623 τοῦ
638 1559 666 1623 δ’
697 1545 779 1632 ε’ντδς
811 1559 908 1624 τοδῶν
939 1560 1063 1625 δῶδεκιο.
1098 1562 1165 1623 Τῶν
1200 1561 1230 1625 δὲ
1261 1567 1354 1625 στοῶν
1385 1561 1421 1624 ιδ

234 1665 364 1743 μέγεθος
393 1665 446 1729 κοῶ
475 1667 510 1729 τί
542 1664 617 1745 ὕψος
650 1665 781 1743 ἐξαίσιον
809 1666 953 1746 ἐχουσῶν,
980 1665 1008 1729 ίν
1033 1668 1090 1742 μὶν
1113 1668 1154 1746 τῷ
1179 1667 1251 1746 πρὸς
1274 1664 1312 1731 ἕω
1336 1669 1419 1746 μέρει

234 1773 289 1845 τὴν
312 1773 575 1854 χιχοντομοιχίσν
600 1773 783 1846 ίτοιιὶσιιντο
802 1776 902 1856 [τοῖς]
922 1781 1065 1853 γλυφαῖς
1088 1773 1138 1836 aa}
1160 1773 1202 1853 τῷ
1221 1775 1347 1851 μεχίίει
1366 1772 1419 1839 τισί

234 1880 275 1958 τῶ
307 1879 418 1944 κοίλλει
449 1879 674 1960 διαφερούσαις,
710 1881 739 1945 ἐν
770 1881 801 1945 ii
831 1882 873 1958 τιῖι
902 1882 974 1959 πρὸς
1003 1880 1124 1956 δυσμὰς
1149 1881 1203 1955 etv
1227 1877 1341 1945 ίίλωσιν
1366 1889 1421 1955 τῆς

235 1985 359 2065 Τροίοις,
382 1987 412 2050 Io
437 1982 455 2067 ἦ
477 1989 536 2052 τῶν
560 1986 656 2067 ἡρῶον
678 1985 809 2052 ἕκαστον
832 1988 905 2052 ίδεῒν
924 1985 990 2052 ἔστι
1009 1988 1120 2059 οίνείως
1141 1993 1196 2060 τῆς
1217 1990 1422 2067 περιστάσεως

236 2091 523 2171 δεδημιουργημένη
537 2092 573 2180 ¹).

280 2200 371 2265 Anno
390 2197 471 2265 255ο
492 2200 671 2288 Agrigento
687 2222 705 2267 a
725 2198 1044 2286 Carthaginiensibus
1060 2205 1244 2287 expugnato
1260 2203 1353 2284 pauci
1369 2202 1425 2285 qui

235 2307 269 2370 in
299 2307 377 2372 urbe
407 2314 625 2373 remanserant
650 2310 684 2372 in
707 2308 793 2373 Iovis
812 2307 957 2394 Olympii
980 2308 1193 2394 perfugerant
1216 2306 1374 2392 templum
1390 2308 1425 2386 ²).

280 2413 373 2478 Nihil
400 2413 465 2479 fere
496 2414 533 2480 de
565 2414 688 2501 templo
716 2421 869 2501 superest.
895 2415 986 2479 Anno
1011 2415 1168 2500 1401011.
1193 2411 1426 2498 Chr.n.quae

236 2520 339 2585 adhue
369 2526 533 2606 supererat
563 2541 636 2606 pars
667 2525 797 2586 oorruit.
829 2520 1002 2607 Lapidibus
1032 2520 1147 2606 templi
1179 2519 1363 2607 Girgentiui
1387 2519 1426 2584 ad

237 2625 348 2691 domos
379 2626 586 2692 aedificandas
617 2632 649 2692 et
675 2628 715 2693 ad
738 2626 857 2693 molem
881 2626 1007 2707 (Molo),
1032 2648 1112 2712 quae
1136 2633 1267 2712 portum
1291 2626 1426 2713 Girgsn·

236 2735 342 2797 tinum
360 2732 470 2811 (Porto
492 2732 697 2819 Empedocle)
720 2754 738 2798 a
761 2736 796 2798 ri
819 2732 977 2799 fluctuum
1002 2735 1153 2818 protegit,
1178 2732 1362 2798 struendam
1374 2735 1426 2796 usi

236 2845 322 2904 sunt.
357 2838 485 2905 Rudere
519 2840 633 2926 templi
668 2840 759 2906 Hans
783 2860 864 2905 anno
897 2837 1001 2905 1802Ο
1031 2840 1259 2925 perscrutanda
1289 2842 1425 2917 ouravit,

238 2951 310 3032 post
332 2966 428 3031 quem
448 2945 547 3011 multi
567 2949 671 3012 eonati
691 2954 766 3012 sunt
783 2945 954 3032 templum,
974 2953 1011 3010 ut
1032 2954 1105 3019 utar
1125 2944 1253 3011 Holmii
1266 2951 1291 3024 ³)
1312 2945 1427 3023 verbis,

239 3054 452 3138 „wenigstens
483 3054 531 3117 im
559 3050 691 3119 Geiste''
716 3056 895 3119 restituere.
919 3053 1104 3118 Memorato
1127 3051 1226 3138 digna
1248 3059 1323 3116 sunt
1346 3053 1429 3138 frag·

237 3164 345 3224 menta
368 3179 619 3250 permagnorum
642 3158 890 3225 simulaerorum
913 3161 998 3236 inter
1017 3156 1132 3244 templi
1152 3158 1266 3223 rudera
1285 3161 1426 3235 inventa,

238 3285 318 3350 quae
349 3267 402 3329 oui
434 3267 509 3329 usui
538 3265 659 3329 suerint
690 3264 849 3330 destinata
879 3285 997 3350 magua
1024 3270 1073 3329 est
1095 3266 1179 3329 inter
1202 3267 1288 3329 siros
1311 3265 1426 3329 harum

237 3391 345 3435 rerum
383 3372 501 3456 peritos
542 3369 695 3436 dissensio
708 3376 744 3451 ⁴).
787 3368 882 3436 Certo
924 3373 1043 3435 eortius
1086 3373 1119 3434 in
1152 3373 1305 3436 interiore
1339 3377 1428 3435 erant

238 3484 326 3562 parte
361 3477 485 3562 templi,
520 3498 594 3542 nam
629 3476 799 3554 Diodorus,
834 3498 930 3562 quem
964 3479 1136 3542 exteriores
1166 3483 1292 3542 tantum
1323 3484 1429 3563 partes

237 3582 439 3669 descripsisse
477 3586 561 3649 iuter
592 3605 701 3649 omnes
732 3586 906 3662 constat⁵),
936 3583 1058 3648 nullam
1095 3604 1207 3648 eorum
1234 3584 1311 3649 saoit
1344 3604 1429 3648 men-

238 3692 367 3755 tionem.
392 3689 565 3776 Templum
588 3696 657 3755 erat
678 3698 711 3755 et
734 3690 838 3755 adhue
862 3696 921 3768 est,
946 3697 984 3754 ut
1006 3693 1053 3754 ita
1077 3689 1191 3767 diuam,
1213 3711 1312 3768 „erur
1331 3692 1429 3754 inter·

240 3796 400 3881 pretum’',
423 3798 474 3860 ein
498 3795 630 3861 Rithsel
656 3799 690 3861 in
713 3796 768 3861 der
791 3794 1245 3883 Entwiekslungsgeeohiohte
1265 3795 1321 3860 der
1340 3793 1430 3861 (irie-

239 3904 388 3969 ohisohen
417 3900 557 3967 Kunst.''
571 3909 597 3982 ⁰)
627 3900 689 3981 Qui
717 3902 755 3967 de
779 3923 815 3968 eo
840 3904 1034 3988 seripserunt
1059 3895 1156 3966 multi
1180 3907 1266 3980 sunt,
1290 3923 1428 3986 quorum

275 4165 302 4230 I)
319 4164 403 4214 Helm.
426 4180 449 4213 o.
470 4163 489 4214 l.
506 4162 527 4222 1,
555 4177 579 4227 p.
602 4161 659 4209 448.
686 4161 749 4210 Deae
771 4160 811 4210 die
827 4160 918 4210 Reliefs
936 4160 988 4211 sich
1004 4161 1029 4210 in
1047 4161 1092 4210 deu
1114 4160 1290 4225 Giebelfelderu
1307 4161 1427 4212 befnnden

239 4249 300 4298 liert
317 4248 369 4298 sich
386 4246 520 4310 ailardingr
536 4261 580 4294 aue
596 4244 709 4294 Diodor's
726 4244 827 4294 Worten
842 4244 911 4295 nieht
927 4245 1057 4295 erkannen.

274 4332 300 4393 2)
317 4330 390 4380 Diod.
407 4328 455 4379 sia.
472 4327 564 4388 XXIII,
582 4327 622 4377 la

275 4414 301 4476 B)
318 4413 400 4464 Helm.
418 4429 441 4462 o.
457 4411 476 4462 l.
493 4412 514 4471 1,
531 4427 555 4476 p.
573 4411 631 4461 999.

275 4500 301 4560 4)
318 4495 461 4560 Sohubring.
479 4510 502 4543 o.
518 4493 536 4544 l.
553 4509 578 4559 p.
596 4491 636 4544 57.
662 4490 746 4542 Helm.
763 4507 786 4542 o.
803 4491 859 4551 1.1‚
877 4507 902 4557 p.

278 4582 301 4642 I)
318 4577 460 4642 Sehubring.
478 4593 502 4628 o.
518 4576 536 4626 l.
554 4591 578 4640 p.
597 4575 636 4628 57.

276 4663 300 4724 e)
318 4660 384 4711 θεοί]
403 4659 471 4710 Ioles
489 4656 625 4708 Umor-Ital
643 4657 692 4706 und
710 4655 809 4707 Sieilien
827 4673 850 4722 p.
869 4655 926 4710 767.
951 4656 1094 4721 Sobobring.
1111 4673 1134 4706 o.
1152 4657 1170 4706 l.
1187 4673 1212 4722 p.
1231 4655 1270 4710 57,

1296 4762 1312 4807 4
