3734 5767
818 745 861 812 68

244 926 380 995 fulmine
417 930 525 1005 icitur,
561 926 626 992 dux
665 925 827 992 Hannibal
861 929 1010 1005 moritur,
1044 927 1229 1013 pestilentia
1261 933 1295 996 in
1330 937 1432 998 castra

242 1033 377 1113 invadit,
408 1040 608 1100 mortuorum
632 1031 804 1099 simulacra
830 1039 927 1098 noctu
958 1055 977 1098 a
1000 1032 1160 1100 militibus
1182 1040 1433 1123 conspiciuntur.

242 1140 330 1207 Iram
352 1139 485 1206 deorum
507 1145 546 1205 ut
568 1139 693 1205 sedaret
717 1137 876 1204 Himilcar
895 1146 1011 1219 πρῶτον
1031 1141 1269 1217 uisitatione
1289 1146 1436 1223 καθαιρῶν

244 1247 287 1313 τὰ
306 1247 454 1325 μνήματα,
474 1244 557 1323 μετὰ
579 1246 609 1310 II
629 1249 736 1309 ταῦτα
756 1245 873 1310 latreus
894 1245 963 1318 τοὺς
990 1246 1073 1318 θεοὺς
1087 1249 1219 1314 κατὰτὸ
1235 1249 1362 1329 retracta
1374 1248 1436 1322 ἕδος

245 1354 287 1434 τῷ
317 1356 374 1429 μὶν
405 1352 501 1432 Κρόνῳ
533 1352 635 1417 satta
658 1349 861 1430 σφαγνατας,
885 1353 927 1433 τῷ
952 1351 983 1417 δὲ
1007 1352 1166 1419 Ποσειδῶνι
1190 1357 1304 1430 πλῆθος
1327 1355 1436 1435 ἱερείων

246 1458 489 1532 καταποντίσας.
520 1457 660 1545 Inceptis
685 1464 794 1523 tamen
816 1479 878 1524 non
902 1458 1038 1537 destitit,
1063 1458 1118 1525 sed
1141 1459 1249 1540 χώσας
1273 1461 1326 1526 τὸν
1349 1463 1435 1540 παρὰ

246 1567 301 1642 τὴν
319 1565 410 1632 πόλιν
430 1565 571 1642 ποταμὸν
590 1566 685 1645 μέχρι
705 1571 763 1632 τῶν
782 1565 895 1644 τειχῶν
916 1566 1069 1641 ἔτέττντε
1087 1567 1270 1640 adsarcire
1286 1569 1436 1648 μηχανὰς

247 1674 298 1738 καὶ
331 1671 401 1737 καθ’
433 1671 549 1751 ἡμέραν
579 1694 647 1751 apoc
677 1671 779 1749 βολὰς
811 1673 951 1739 ἐπονεῖτο.
983 1671 1119 1739 Videtur
1139 1676 1243 1760 igitur
1264 1673 1436 1753 Himilcar,

245 1778 325 1846 colle
365 1777 460 1858 „dell’
495 1779 716 1845 Annunaiata”
752 1777 874 1856 relicto,
908 1781 1086 1845 exercitum
1121 1780 1289 1847 meridiem
1324 1803 1436 1847 versus

247 1884 373 1952 duxisse
403 1891 435 1951 et
462 1884 561 1951 fluvio
594 1905 694 1970 usque
724 1884 763 1950 sd
794 1886 919 1951 moenia
950 1885 1039 1951 urbis
1065 1888 1238 1973 aggeribus
1260 1888 1435 1967 obstructo,

246 1996 502 2078 promontorium
523 1993 576 2056 eui
594 1990 688 2056 hodie
709 1989 856 2078 „PoggIa
874 1989 958 2057 defle
975 1991 1087 2058 Meta''
1107 1998 1157 2058 cst
1175 2015 1301 2077 nomen,
1313 2014 1438 2082 oppug-

247 2120 323 2166 nare
345 2101 485 2186 coepisse
497 2096 533 2180 ¹).

291 2205 415 2271 interea
446 2204 649 2293 Syracusani,
682 2226 720 2270 ne
743 2202 876 2270 eandem
900 2225 998 2291 quarn
1021 2204 1196 2271 Selinuntii
1219 2212 1252 2273 et
1274 2206 1441 2273 HImeraei

247 2314 452 2399 Agrigentini
482 2315 702 2399 experirentur
726 2310 889 2377 fortunam
916 2314 1021 2388 veriti,
1050 2311 1209 2378 auxilium
1240 2335 1309 2380 esse
1339 2314 1440 2380 feren-

247 2417 326 2484 dum
353 2420 426 2496 rati,
449 2419 626 2484 exercitum
649 2423 843 2503 paraverunt
865 2423 897 2482 et
922 2416 1094 2504 Daphnaeo
1116 2416 1195 2484 duce
1219 2421 1438 2507 Agrigentum

246 2527 415 2602 miserunt,
446 2527 498 2591 cui
529 2545 561 2590 se
592 2523 807 2589 adiunxerant
829 2521 991 2602 Gelenses,
1016 2521 1225 2610 Camarinaei,
1251 2526 1439 2594 nonnullis

248 2631 488 2698 mediterraneis
526 2629 650 2695 insulae
688 2630 875 2716 regionibus
912 2632 1057 2696 arcessiti
1069 2628 1105 2711 ²).
1147 2628 1265 2698 Classis
1301 2635 1439 2720 triginta

247 2742 380 2805 narium
403 2759 492 2804 oram
511 2735 635 2802 insulae
651 2735 744 2823 legit.
764 2736 850 2802 Huic
869 2740 1034 2814 exercitui,
1054 2743 1092 2803 ut
1110 2759 1207 2825 supra
1225 2742 1292 2805 iarn
1312 2738 1436 2805 dictum

247 2852 304 2929 set,
337 2844 497 2910 Himilcar
527 2843 644 2921 Iberos,
676 2840 853 2929 Campanos
884 2842 964 2909 alios
994 2842 1162 2910 nonnullos
1184 2846 1311 2911 obviam
1336 2849 1436 2926 misit,

247 2955 304 3038 qui
329 2950 538 3039 Syracusanis
563 2949 734 3015 Himeram
753 2948 892 3016 fluvium
910 2953 976 3016 iarn
997 2954 1203 3037 transgressis
1221 2959 1437 3019 occurrerunt.

247 3057 374 3126 Proelia
404 3059 486 3124 iacto
508 3060 645 3123 victores
667 3055 858 3142 Syracusani
881 3058 989 3124 hostes
1012 3078 1113 3143 usque
1137 3058 1177 3123 ad
1200 3062 1327 3125 moenia
1349 3061 1439 3127 urbis

248 3167 406 3253 persecuti
432 3169 509 3230 sunt
536 3167 766 3251 ingentemque
788 3162 956 3229 ediderunt
978 3170 1131 3251 stragem.
1157 3163 1306 3252 Plerique
1330 3173 1439 3233 tamen

246 3293 303 3359 per
332 3270 503 3357 planitiem
534 3290 615 3356 quae
645 3270 684 3335 ab
715 3270 793 3335 urbe
823 3270 993 3336 meridiem
1023 3291 1135 3336 versus
1165 3277 1255 3357 patet
1277 3273 1439 3361 fugientes

248 3381 290 3453 ela
315 3380 370 3453 risa
392 3378 465 3458 πρὸς
485 3379 678 3457 Ἀκράγαντι
701 3377 904 3457 παρεμβολήν
914 3375 950 3458 ³),
971 3399 988 3442 s
1007 3379 1150 3443 hostiurn
1171 3381 1321 3446 manibus
1340 3380 1443 3468 elapsi

246 3493 331 3553 sunt.
355 3483 472 3551 Procul
496 3484 594 3551 dubio
617 3484 823 3571 Agrigentini
843 3485 1005 3571 fugientes
1025 3486 1133 3551 hostes
1151 3488 1185 3551 in
1205 3486 1340 3572 planitie
1360 3491 1442 3554 exci-

246 3615 321 3681 pere
340 3597 519 3679 potuerant,
539 3589 593 3656 sed
613 3591 716 3676 duces,
738 3593 808 3656 sire
827 3612 846 3656 a
865 3589 1186 3678 Carthaginiensibus
1211 3598 1352 3680 corrupti
1372 3597 1440 3661 sive

246 3705 426 3765 metuentes
455 3719 495 3763 ne
525 3696 684 3762 HImilcar
706 3697 819 3762 urbem
843 3696 1062 3763 defensoribus
1086 3696 1238 3763 nudatam
1263 3706 1438 3785 caperet⁴)‚

245 3805 366 3872 milites
386 3807 586 3891 eruptionem
602 3804 702 3869 lacere
717 3804 949 3889 prohibuerunt
966 3802 1223 3889 praeclaramque
1237 3807 1432 3871 occasionem

245 3912 286 3979 ad
308 3932 461 4000 magnam
484 3912 625 3977 hostium
651 3913 808 3976 exercitus
831 3915 957 3998 partem
980 3909 1147 3977 delendam
1171 3914 1357 3977 omiserunt.

245 4182 319 4233 bodie
334 4182 443 4243 „Tomba
456 4182 482 4232 di
495 4182 620 4233 'Phorcus’'
635 4188 731 4242 vocant,
740 4182 764 4232 in
774 4182 879 4248 planitie
889 4189 926 4232 est
934 4184 965 4234 ab
976 4185 1035 4236 urbe
1044 4186 1170 4236 meridiem
1179 4201 1270 4235 renus.
1279 4181 1435 4234 Exstructum

245 4273 283 4317 eet
298 4275 355 4332 post
370 4265 489 4316 Theronis
504 4273 618 4317 aetatem.
635 4266 778 4331 Sobubring.
796 4283 819 4317 ο.
835 4265 853 4316 l.
870 4281 895 4331 p.
913 4266 954 4321 70.

281 4349 305 4412 1)
322 4348 465 4415 Sobobring.
482 4365 504 4399 ο.
522 4351 540 4401 l.
555 4367 580 4415 p.
597 4349 636 4402 67.

279 4433 304 4496 2)
322 4431 392 4482 Diod.
410 4431 457 4481 sie.
474 4432 544 4492 XIII,
558 4433 599 4482 86.
616 4427 693 4495 Εἶχον
710 4429 738 4480 ii
755 4431 814 4488 τοὺς
830 4428 927 4489 πάντας
942 4431 1036 4498 sidroc
1051 4435 1096 4494 pta
1110 4435 1274 4493 τλαίτνςτὸν
1288 4432 1434 4494 satcenses

245 4512 337 4571 Ιττὶας
354 4510 378 4561 δ’
395 4510 439 4561 οὐκ
456 4509 582 4572 ἔλαττονς
599 4518 649 4562 τᾶν
665 4512 885 4575 πεντακισχιλίαν.

281 4598 305 4658 8)
323 4595 394 4645 Diod.
412 4595 459 4644 Sic.
476 4597 545 4655 XIII,
564 4595 604 4647 87.»

278 4683 304 4742 4)
321 4678 394 4728 Diod.
410 4677 456 4728 ais.
474 4678 544 4738 xm,
561 4678 601 4731 87.
