<?xml version="1.0" encoding="UTF-8"?>
<!DOCTYPE html PUBLIC "-//W3C//DTD XHTML 1.0 Transitional//EN"
    "http://www.w3.org/TR/xhtml1/DTD/xhtml1-transitional.dtd">
<html xmlns="http://www.w3.org/1999/xhtml" xml:lang="en" lang="en">
 <head>
  <title>
</title>
<meta http-equiv="Content-Type" content="text/html;charset=utf-8" />
  <meta name='ocr-system' content='tesseract 3.04.00' />
  <meta name='ocr-capabilities' content='ocr_page ocr_carea ocr_par ocr_line ocrx_word'/>
</head>
<body>
  <div class='ocr_page' id='page_1' title='image "./deurbeagrigenti00hagtgoog_0042.png"; bbox 0 0 3734 5767; ppageno 0'>
   <div class='ocr_carea' id='block_1_1' title="bbox 1004 729 1049 794">
    <p class='ocr_par' dir='ltr' id='par_1_1' title="bbox 1004 729 1049 794">
     <span class='ocr_line' id='line_1_1' title="bbox 1004 729 1049 794; baseline 0 0"><span class='ocrx_word' id='word_1_1' title='bbox 1004 729 1049 794; x_wconf 80' lang='lat'><strong>28</strong></span> 
     </span>
    </p>
   </div>
   <div class='ocr_carea' id='block_1_2' title="bbox 425 913 1622 2913">
    <p class='ocr_par' dir='ltr' id='par_1_2' title="bbox 425 913 1622 2274">
     <span class='ocr_line' id='line_1_2' title="bbox 472 913 1621 1002; baseline 0 -21"><span class='ocrx_word' id='word_1_2' title='bbox 472 915 647 1002; x_wconf 71' lang='lat' dir='ltr'>Melanippi</span> <span class='ocrx_word' id='word_1_3' title='bbox 684 927 715 982; x_wconf 88' lang='lat' dir='ltr'><strong>et</strong></span> <span class='ocrx_word' id='word_1_4' title='bbox 750 913 933 981; x_wconf 86' lang='lat' dir='ltr'><strong>Charitonis</strong></span> <span class='ocrx_word' id='word_1_5' title='bbox 967 936 1043 978; x_wconf 87' lang='lat' dir='ltr'><strong>mor</strong></span> <span class='ocrx_word' id='word_1_6' title='bbox 1078 917 1180 977; x_wconf 81' lang='lat' dir='ltr'><strong>secuti</strong></span> <span class='ocrx_word' id='word_1_7' title='bbox 1210 935 1278 977; x_wconf 86' lang='lat' dir='ltr'><strong>esse</strong></span> <span class='ocrx_word' id='word_1_8' title='bbox 1308 913 1460 978; x_wconf 82' lang='lat' dir='ltr'><strong>ridentur</strong></span> <span class='ocrx_word' id='word_1_9' title='bbox 1489 923 1621 981; x_wconf 83' lang='lat' dir='ltr'><strong>conatus</strong></span> 
     </span>
     <span class='ocr_line' id='line_1_3' title="bbox 425 1019 1620 1108; baseline 0 -22"><span class='ocrx_word' id='word_1_10' title='bbox 425 1021 620 1100; x_wconf 75' lang='lat' dir='ltr'><strong>Telemachi,</strong></span> <span class='ocrx_word' id='word_1_11' title='bbox 655 1023 829 1088; x_wconf 70' lang='lat' dir='ltr'><strong>feliciorem</strong></span> <span class='ocrx_word' id='word_1_12' title='bbox 861 1022 1004 1085; x_wconf 88' lang='lat' dir='ltr'><strong>habituri</strong></span> <span class='ocrx_word' id='word_1_13' title='bbox 1035 1037 1201 1083; x_wconf 74' lang='lat' dir='ltr'><strong>eventum.</strong></span> <span class='ocrx_word' id='word_1_14' title='bbox 1231 1019 1385 1105; x_wconf 76' lang='lat' dir='ltr'>Legimus</span> <span class='ocrx_word' id='word_1_15' title='bbox 1417 1024 1503 1085; x_wconf 88' lang='lat' dir='ltr'><strong>enim</strong></span> <span class='ocrx_word' id='word_1_16' title='bbox 1534 1023 1620 1108; x_wconf 89' lang='lat' dir='ltr'><strong>apud</strong></span> 
     </span>
     <span class='ocr_line' id='line_1_4' title="bbox 427 1127 1619 1204; baseline -0.004 -11"><span class='ocrx_word' id='word_1_17' title='bbox 427 1127 660 1204; x_wconf 75' lang='lat' dir='ltr'><strong>Diodorum&#39;):</strong></span> <span class='ocrx_word' id='word_1_18' title='bbox 684 1129 700 1192; x_wconf 84' lang='lat' dir='ltr'><strong>d</strong></span> <span class='ocrx_word' id='word_1_19' title='bbox 724 1132 862 1204; x_wconf 69' lang='grc' dir='ltr'><strong><em>Φάλαρις</em></strong></span> <span class='ocrx_word' id='word_1_20' title='bbox 895 1129 962 1190; x_wconf 68' lang='grc' dir='ltr'><strong><em>ἰδὼν</em></strong></span> <span class='ocrx_word' id='word_1_21' title='bbox 994 1133 1173 1204; x_wconf 69' lang='grc' dir='ltr'><strong>περιστερῶν</strong></span> <span class='ocrx_word' id='word_1_22' title='bbox 1198 1131 1309 1198; x_wconf 69' lang='grc' dir='ltr'><strong><em>πλῆθος</em></strong></span> <span class='ocrx_word' id='word_1_23' title='bbox 1335 1128 1390 1204; x_wconf 99' lang='grc' dir='ltr'><strong>ὑφ</strong></span> <span class='ocrx_word' id='word_1_24' title='bbox 1414 1130 1477 1198; x_wconf 75' lang='grc' dir='ltr'><strong><em>ἑνὸς</em></strong></span> <span class='ocrx_word' id='word_1_25' title='bbox 1501 1131 1619 1204; x_wconf 69' lang='grc' dir='ltr'><strong><em>ἱέρακος</em></strong></span> 
     </span>
     <span class='ocr_line' id='line_1_5' title="bbox 426 1229 1620 1320; baseline -0.002 -21"><span class='ocrx_word' id='word_1_26' title='bbox 426 1235 612 1320; x_wconf 67' lang='grc' dir='ltr'><strong><em>διωκόμενον,</em></strong></span> <span class='ocrx_word' id='word_1_27' title='bbox 637 1233 717 1310; x_wconf 51' lang='lat' dir='ltr'><strong>ivn·</strong></span> <span class='ocrx_word' id='word_1_28' title='bbox 742 1235 867 1312; x_wconf 70' lang='grc' dir='ltr'><strong><em>,ὑρὶτε,</em></strong></span> <span class='ocrx_word' id='word_1_29' title='bbox 891 1229 911 1296; x_wconf 71' lang='grc' dir='ltr'><strong><em>ὦ</em></strong></span> <span class='ocrx_word' id='word_1_30' title='bbox 936 1231 1052 1311; x_wconf 71' lang='grc' dir='ltr'><strong><em>ἄνδρες,</em></strong></span> <span class='ocrx_word' id='word_1_31' title='bbox 1077 1237 1203 1295; x_wconf 74' lang='grc' dir='ltr'><strong><em>τοσοῦτο</em></strong></span> <span class='ocrx_word' id='word_1_32' title='bbox 1227 1236 1341 1304; x_wconf 67' lang='lat' dir='ltr'><strong>nidis</strong></span> <span class='ocrx_word' id='word_1_33' title='bbox 1361 1234 1416 1310; x_wconf 78' lang='grc' dir='ltr'><strong>ὑφ’</strong></span> <span class='ocrx_word' id='word_1_34' title='bbox 1436 1234 1497 1303; x_wconf 68' lang='grc' dir='ltr'><strong><em>ἑνὸς</em></strong></span> <span class='ocrx_word' id='word_1_35' title='bbox 1519 1233 1620 1299; x_wconf 68' lang='grc' dir='ltr'><strong><em>διωκό-</em></strong></span> 
     </span>
     <span class='ocr_line' id='line_1_6' title="bbox 428 1340 1617 1423; baseline -0.004 -17"><span class='ocrx_word' id='word_1_36' title='bbox 428 1365 517 1416; x_wconf 88' lang='grc' dir='ltr'><strong><em>μννον</em></strong></span> <span class='ocrx_word' id='word_1_37' title='bbox 546 1343 598 1407; x_wconf 72' lang='lat' dir='ltr'><strong>tas</strong></span> <span class='ocrx_word' id='word_1_38' title='bbox 629 1341 757 1419; x_wconf 69' lang='lat' dir='ltr'><strong>isitius,</strong></span> <span class='ocrx_word' id='word_1_39' title='bbox 789 1342 857 1405; x_wconf 76' lang='grc' dir='ltr'><strong>Ιπεί</strong></span> <span class='ocrx_word' id='word_1_40' title='bbox 887 1341 936 1403; x_wconf 80' lang='grc' dir='ltr'><strong><em>σοι’</em></strong></span> <span class='ocrx_word' id='word_1_41' title='bbox 966 1364 1006 1415; x_wconf 87' lang='grc' dir='ltr'><strong>γε</strong></span> <span class='ocrx_word' id='word_1_42' title='bbox 1037 1341 1062 1403; x_wconf 78' lang='lat' dir='ltr'><strong>ei</strong></span> <span class='ocrx_word' id='word_1_43' title='bbox 1087 1340 1269 1412; x_wconf 69' lang='grc' dir='ltr'><strong>τολμήσειεν</strong></span> <span class='ocrx_word' id='word_1_44' title='bbox 1293 1340 1489 1418; x_wconf 70' lang='grc' dir='ltr'><strong><em>ἐπιστρέψαι,</em></strong></span> <span class='ocrx_word' id='word_1_45' title='bbox 1512 1343 1617 1423; x_wconf 59' lang='lat' dir='ltr'><strong>iulias</strong></span> 
     </span>
     <span class='ocr_line' id='line_1_7' title="bbox 428 1447 1620 1526; baseline 0 -14"><span class='ocrx_word' id='word_1_46' title='bbox 428 1455 482 1514; x_wconf 83' lang='grc' dir='ltr'><strong><em>τοῦ</em></strong></span> <span class='ocrx_word' id='word_1_47' title='bbox 513 1450 667 1520; x_wconf 63' lang='grc' dir='ltr'><strong><em>διέποντος</em></strong></span> <span class='ocrx_word' id='word_1_48' title='bbox 699 1448 739 1513; x_wconf 67' lang='grc' dir='ltr'><strong><em>ἂν</em></strong></span> <span class='ocrx_word' id='word_1_49' title='bbox 760 1451 983 1526; x_wconf 68' lang='grc' dir='ltr'><strong>περιγένοιντο.</strong></span> <span class='ocrx_word' id='word_1_50' title='bbox 1008 1447 1060 1510; x_wconf 76' lang='grc' dir='ltr'><strong>καὶ</strong></span> <span class='ocrx_word' id='word_1_51' title='bbox 1086 1448 1121 1509; x_wconf 79' lang='lat' dir='ltr'><strong>is</strong></span> <span class='ocrx_word' id='word_1_52' title='bbox 1144 1449 1252 1510; x_wconf 81' lang='grc' dir='ltr'><strong><em>τούτου</em></strong></span> <span class='ocrx_word' id='word_1_53' title='bbox 1275 1451 1327 1510; x_wconf 80' lang='grc' dir='ltr'><strong><em>τοῦ</em></strong></span> <span class='ocrx_word' id='word_1_54' title='bbox 1352 1449 1448 1522; x_wconf 73' lang='grc' dir='ltr'><strong><em>λόγου</em></strong></span> <span class='ocrx_word' id='word_1_55' title='bbox 1471 1448 1620 1523; x_wconf 70' lang='grc' dir='ltr'><strong><em>ἐπέβαλε</em></strong></span> 
     </span>
     <span class='ocr_line' id='line_1_8' title="bbox 428 1553 1622 1638; baseline -0.002 -18"><span class='ocrx_word' id='word_1_56' title='bbox 428 1559 484 1630; x_wconf 74' lang='grc' dir='ltr'><strong>την</strong></span> <span class='ocrx_word' id='word_1_57' title='bbox 506 1557 690 1621; x_wconf 68' lang='grc' dir='ltr'><strong><em>δυναστείαν</em></strong></span> <span class='ocrx_word' id='word_1_58' title='bbox 713 1605 722 1620; x_wconf 91' lang='grc'><strong>.</strong></span> <span class='ocrx_word' id='word_1_59' title='bbox 747 1605 756 1620; x_wconf 91' lang='grc'><strong>.</strong></span> <span class='ocrx_word' id='word_1_60' title='bbox 780 1605 789 1620; x_wconf 91' lang='grc'><strong>.</strong></span> <span class='ocrx_word' id='word_1_61' title='bbox 814 1553 903 1620; x_wconf 87' lang='lat' dir='ltr'><strong>Duce</strong></span> <span class='ocrx_word' id='word_1_62' title='bbox 924 1553 1150 1628; x_wconf 46' lang='lat' dir='ltr'><strong>Telemacho&amp;</strong></span> <span class='ocrx_word' id='word_1_63' title='bbox 1175 1553 1312 1638; x_wconf 89' lang='lat' dir='ltr'><strong>populus</strong></span> <span class='ocrx_word' id='word_1_64' title='bbox 1337 1555 1450 1618; x_wconf 86' lang='lat' dir='ltr'><strong>urbem</strong></span> <span class='ocrx_word' id='word_1_65' title='bbox 1471 1558 1505 1618; x_wconf 93' lang='lat' dir='ltr'><strong>in</strong></span> <span class='ocrx_word' id='word_1_66' title='bbox 1528 1554 1622 1620; x_wconf 89' lang='lat' dir='ltr'><strong>liber-</strong></span> 
     </span>
     <span class='ocr_line' id='line_1_9' title="bbox 428 1660 1620 1746; baseline -0.004 -18"><span class='ocrx_word' id='word_1_67' title='bbox 428 1671 530 1728; x_wconf 85' lang='lat' dir='ltr'><strong>tatem</strong></span> <span class='ocrx_word' id='word_1_68' title='bbox 560 1662 750 1727; x_wconf 76' lang='lat' dir='ltr'><strong>vindicarit.</strong></span> <span class='ocrx_word' id='word_1_69' title='bbox 780 1660 852 1746; x_wconf 83' lang='lat' dir='ltr'><strong>lpse</strong></span> <span class='ocrx_word' id='word_1_70' title='bbox 881 1668 1049 1746; x_wconf 79' lang='lat' dir='ltr'><strong>tyrannus,</strong></span> <span class='ocrx_word' id='word_1_71' title='bbox 1079 1681 1177 1744; x_wconf 88' lang='lat' dir='ltr'><strong>quem</strong></span> <span class='ocrx_word' id='word_1_72' title='bbox 1209 1663 1294 1724; x_wconf 84' lang='lat' dir='ltr'><strong>ritae</strong></span> <span class='ocrx_word' id='word_1_73' title='bbox 1323 1664 1449 1724; x_wconf 82' lang='lat' dir='ltr'><strong>exitum</strong></span> <span class='ocrx_word' id='word_1_74' title='bbox 1473 1661 1620 1725; x_wconf 87' lang='lat' dir='ltr'><strong>habuerit</strong></span> 
     </span>
     <span class='ocr_line' id='line_1_10' title="bbox 428 1766 1619 1844; baseline -0.004 -10"><span class='ocrx_word' id='word_1_75' title='bbox 428 1774 586 1834; x_wconf 86' lang='lat' dir='ltr'><strong>incertum</strong></span> <span class='ocrx_word' id='word_1_76' title='bbox 613 1777 673 1844; x_wconf 83' lang='lat' dir='ltr'><strong>est,</strong></span> <span class='ocrx_word' id='word_1_77' title='bbox 703 1770 810 1832; x_wconf 83' lang='lat' dir='ltr'><strong>variae</strong></span> <span class='ocrx_word' id='word_1_78' title='bbox 832 1771 918 1832; x_wconf 90' lang='lat' dir='ltr'><strong>enim</strong></span> <span class='ocrx_word' id='word_1_79' title='bbox 943 1766 983 1830; x_wconf 92' lang='lat' dir='ltr'><strong>de</strong></span> <span class='ocrx_word' id='word_1_80' title='bbox 1005 1769 1074 1831; x_wconf 90' lang='lat' dir='ltr'><strong>eius</strong></span> <span class='ocrx_word' id='word_1_81' title='bbox 1098 1775 1202 1830; x_wconf 87' lang='lat' dir='ltr'><strong>morte</strong></span> <span class='ocrx_word' id='word_1_82' title='bbox 1225 1767 1373 1830; x_wconf 79' lang='lat' dir='ltr'><strong>feruntur</strong></span> <span class='ocrx_word' id='word_1_83' title='bbox 1394 1770 1570 1831; x_wconf 85' lang='lat' dir='ltr'><strong>sententiae</strong></span> <span class='ocrx_word' id='word_1_84' title='bbox 1582 1766 1619 1842; x_wconf 50' lang='grc' dir='ltr'><strong>Ι).</strong></span> 
     </span>
     <span class='ocr_line' id='line_1_11' title="bbox 428 1872 1620 1960; baseline -0.003 -19"><span class='ocrx_word' id='word_1_85' title='bbox 428 1877 591 1956; x_wconf 87' lang='lat' dir='ltr'><strong>Quantum</strong></span> <span class='ocrx_word' id='word_1_86' title='bbox 625 1879 659 1940; x_wconf 93' lang='lat' dir='ltr'><strong>iu</strong></span> <span class='ocrx_word' id='word_1_87' title='bbox 693 1873 803 1939; x_wconf 90' lang='lat' dir='ltr'><strong>odium</strong></span> <span class='ocrx_word' id='word_1_88' title='bbox 838 1877 1061 1960; x_wconf 72' lang='lat' dir='ltr'><strong>Agrigentinis</strong></span> <span class='ocrx_word' id='word_1_89' title='bbox 1095 1876 1234 1937; x_wconf 77' lang='lat' dir='ltr'><strong>venisset</strong></span> <span class='ocrx_word' id='word_1_90' title='bbox 1271 1872 1383 1937; x_wconf 80' lang='lat' dir='ltr'><strong>docent</strong></span> <span class='ocrx_word' id='word_1_91' title='bbox 1416 1875 1514 1938; x_wconf 84' lang='lat' dir='ltr'><strong>rerba</strong></span> <span class='ocrx_word' id='word_1_92' title='bbox 1544 1873 1620 1938; x_wconf 89' lang='lat' dir='ltr'><strong>Plu-</strong></span> 
     </span>
     <span class='ocr_line' id='line_1_12' title="bbox 428 1979 1619 2060; baseline -0.003 -14"><span class='ocrx_word' id='word_1_93' title='bbox 428 1982 530 2047; x_wconf 73' lang='lat' dir='ltr'><strong>tarchi</strong></span> <span class='ocrx_word' id='word_1_94' title='bbox 543 1985 587 2060; x_wconf 68' lang='grc'><strong>*);</strong></span> <span class='ocrx_word' id='word_1_95' title='bbox 606 1983 842 2058; x_wconf 70' lang='grc' dir='ltr'><strong>Ἀκραγαντῖνοι</strong></span> <span class='ocrx_word' id='word_1_96' title='bbox 855 1981 1100 2056; x_wconf 69' lang='grc' dir='ltr'><strong>ἀπαλλαγέντος</strong></span> <span class='ocrx_word' id='word_1_97' title='bbox 1114 1979 1282 2058; x_wconf 55' lang='lat' dir='ltr'><strong>&amp;susidis</strong></span> <span class='ocrx_word' id='word_1_98' title='bbox 1296 1981 1491 2056; x_wconf 70' lang='grc' dir='ltr'><strong>ἐψηφίσαντο</strong></span> <span class='ocrx_word' id='word_1_99' title='bbox 1503 1979 1619 2054; x_wconf 72' lang='grc' dir='ltr'><strong><em>μηδένα</em></strong></span> 
     </span>
     <span class='ocr_line' id='line_1_13' title="bbox 431 2087 1621 2169; baseline -0.002 -16"><span class='ocrx_word' id='word_1_100' title='bbox 431 2098 534 2169; x_wconf 82' lang='grc' dir='ltr'><strong><em>φορεῖν</em></strong></span> <span class='ocrx_word' id='word_1_101' title='bbox 565 2088 690 2163; x_wconf 70' lang='grc' dir='ltr'><strong><em>ἱμάτιον</em></strong></span> <span class='ocrx_word' id='word_1_102' title='bbox 720 2091 907 2165; x_wconf 83' lang='grc' dir='ltr'><strong><em>γλαύκινον.</em></strong></span> <span class='ocrx_word' id='word_1_103' title='bbox 939 2089 965 2151; x_wconf 82' lang='grc' dir='ltr'><strong>οἱ</strong></span> <span class='ocrx_word' id='word_1_104' title='bbox 993 2088 1057 2167; x_wconf 73' lang='grc' dir='ltr'><strong>γὰρ</strong></span> <span class='ocrx_word' id='word_1_105' title='bbox 1092 2087 1240 2163; x_wconf 68' lang='grc' dir='ltr'><strong><em>ὑπηρέται</em></strong></span> <span class='ocrx_word' id='word_1_106' title='bbox 1276 2091 1330 2151; x_wconf 83' lang='grc' dir='ltr'><strong><em>τοῦ</em></strong></span> <span class='ocrx_word' id='word_1_107' title='bbox 1353 2087 1497 2164; x_wconf 70' lang='grc' dir='ltr'><strong><em>τυράννου</em></strong></span> <span class='ocrx_word' id='word_1_108' title='bbox 1521 2101 1621 2165; x_wconf 61' lang='grc' dir='ltr'><strong><em>γλαν</em></strong></span> 
     </span>
     <span class='ocr_line' id='line_1_14' title="bbox 430 2193 912 2274; baseline -0.002 -14"><span class='ocrx_word' id='word_1_109' title='bbox 430 2197 520 2267; x_wconf 70' lang='lat' dir='ltr'><strong>sisois</strong></span> <span class='ocrx_word' id='word_1_110' title='bbox 544 2196 676 2274; x_wconf 71' lang='grc' dir='ltr'><strong><em>Ιχρῦντο</em></strong></span> <span class='ocrx_word' id='word_1_111' title='bbox 698 2193 912 2274; x_wconf 72' lang='grc' dir='ltr'><strong><em>τεριζάμασιν.</em></strong></span> 
     </span>
    </p>

    <p class='ocr_par' dir='ltr' id='par_1_3' title="bbox 429 2300 1622 2913">
     <span class='ocr_line' id='line_1_15' title="bbox 474 2300 1618 2387; baseline -0.002 -21"><span class='ocrx_word' id='word_1_112' title='bbox 474 2301 636 2368; x_wconf 74' lang='lat' dir='ltr'><strong>Phalaridi</strong></span> <span class='ocrx_word' id='word_1_113' title='bbox 659 2304 811 2367; x_wconf 86' lang='lat' dir='ltr'><strong>successit</strong></span> <span class='ocrx_word' id='word_1_114' title='bbox 832 2300 1051 2366; x_wconf 77' lang='lat' dir='ltr'><strong>Telemachus.</strong></span> <span class='ocrx_word' id='word_1_115' title='bbox 1070 2300 1263 2387; x_wconf 71' lang='lat' dir='ltr'><strong>‘syrannum</strong></span> <span class='ocrx_word' id='word_1_116' title='bbox 1286 2323 1361 2366; x_wconf 90' lang='lat' dir='ltr'><strong>eum</strong></span> <span class='ocrx_word' id='word_1_117' title='bbox 1384 2302 1482 2365; x_wconf 83' lang='lat' dir='ltr'><strong>fnisse</strong></span> <span class='ocrx_word' id='word_1_118' title='bbox 1504 2321 1618 2386; x_wconf 86' lang='lat' dir='ltr'><strong>parum</strong></span> 
     </span>
     <span class='ocr_line' id='line_1_16' title="bbox 429 2406 1620 2494; baseline -0.003 -20"><span class='ocrx_word' id='word_1_119' title='bbox 429 2419 478 2474; x_wconf 89' lang='lat' dir='ltr'><strong>est</strong></span> <span class='ocrx_word' id='word_1_120' title='bbox 501 2407 681 2492; x_wconf 87' lang='lat' dir='ltr'><strong>probabile;</strong></span> <span class='ocrx_word' id='word_1_121' title='bbox 706 2407 816 2472; x_wconf 89' lang='lat' dir='ltr'><strong>odium</strong></span> <span class='ocrx_word' id='word_1_122' title='bbox 839 2411 925 2472; x_wconf 86' lang='lat' dir='ltr'><strong>enim</strong></span> <span class='ocrx_word' id='word_1_123' title='bbox 949 2406 1062 2494; x_wconf 82' lang='lat' dir='ltr'><strong>populi</strong></span> <span class='ocrx_word' id='word_1_124' title='bbox 1084 2411 1117 2471; x_wconf 92' lang='lat' dir='ltr'><strong>in</strong></span> <span class='ocrx_word' id='word_1_125' title='bbox 1143 2406 1295 2472; x_wconf 88' lang='lat' dir='ltr'><strong>Phalarin</strong></span> <span class='ocrx_word' id='word_1_126' title='bbox 1312 2411 1417 2471; x_wconf 88' lang='lat' dir='ltr'><strong>maius</strong></span> <span class='ocrx_word' id='word_1_127' title='bbox 1436 2415 1504 2471; x_wconf 88' lang='lat' dir='ltr'><strong>erat</strong></span> <span class='ocrx_word' id='word_1_128' title='bbox 1523 2428 1620 2492; x_wconf 86' lang='lat' dir='ltr'><strong>quam</strong></span> 
     </span>
     <span class='ocr_line' id='line_1_17' title="bbox 431 2513 1622 2600; baseline -0.002 -22"><span class='ocrx_word' id='word_1_129' title='bbox 431 2514 515 2600; x_wconf 90' lang='lat' dir='ltr'><strong>quod</strong></span> <span class='ocrx_word' id='word_1_130' title='bbox 538 2534 654 2579; x_wconf 85' lang='lat' dir='ltr'><strong>novam</strong></span> <span class='ocrx_word' id='word_1_131' title='bbox 677 2513 880 2600; x_wconf 80' lang='lat' dir='ltr'><strong>tyrannidem</strong></span> <span class='ocrx_word' id='word_1_132' title='bbox 902 2515 1033 2578; x_wconf 91' lang='lat' dir='ltr'><strong>institui</strong></span> <span class='ocrx_word' id='word_1_133' title='bbox 1055 2517 1182 2580; x_wconf 85' lang='lat' dir='ltr'><strong>sineret.</strong></span> <span class='ocrx_word' id='word_1_134' title='bbox 1208 2515 1314 2594; x_wconf 57' lang='lat' dir='ltr'><strong>Regem</strong></span> <span class='ocrx_word' id='word_1_135' title='bbox 1334 2535 1410 2579; x_wconf 91' lang='lat' dir='ltr'><strong>eum</strong></span> <span class='ocrx_word' id='word_1_136' title='bbox 1430 2514 1528 2578; x_wconf 85' lang='lat' dir='ltr'><strong>fuisse</strong></span> <span class='ocrx_word' id='word_1_137' title='bbox 1547 2533 1622 2577; x_wconf 89' lang='lat' dir='ltr'><strong>non·</strong></span> 
     </span>
     <span class='ocr_line' id='line_1_18' title="bbox 432 2618 1622 2696; baseline -0.001 -11"><span class='ocrx_word' id='word_1_138' title='bbox 432 2620 532 2686; x_wconf 90' lang='lat' dir='ltr'><strong>nullis</strong></span> <span class='ocrx_word' id='word_1_139' title='bbox 561 2641 579 2685; x_wconf 93' lang='lat' dir='ltr'><strong>e</strong></span> <span class='ocrx_word' id='word_1_140' title='bbox 608 2619 799 2685; x_wconf 69' lang='lat' dir='ltr'><strong>scholiastae</strong></span> <span class='ocrx_word' id='word_1_141' title='bbox 829 2621 935 2686; x_wconf 85' lang='lat' dir='ltr'><strong>verbis</strong></span> <span class='ocrx_word' id='word_1_142' title='bbox 965 2620 1004 2684; x_wconf 88' lang='lat' dir='ltr'><strong>ad</strong></span> <span class='ocrx_word' id='word_1_143' title='bbox 1036 2620 1128 2684; x_wconf 90' lang='lat' dir='ltr'><strong>Pind.</strong></span> <span class='ocrx_word' id='word_1_144' title='bbox 1161 2618 1267 2686; x_wconf 83' lang='lat' dir='ltr'><strong>Carsu.</strong></span> <span class='ocrx_word' id='word_1_145' title='bbox 1299 2619 1349 2685; x_wconf 89' lang='lat' dir='ltr'><strong>Ol.</strong></span> <span class='ocrx_word' id='word_1_146' title='bbox 1379 2619 1436 2696; x_wconf 85' lang='lat'>111,</span> <span class='ocrx_word' id='word_1_147' title='bbox 1468 2620 1511 2685; x_wconf 79' lang='lat'><strong>68</strong></span> <span class='ocrx_word' id='word_1_148' title='bbox 1541 2619 1622 2684; x_wconf 85' lang='lat' dir='ltr'><strong>effici</strong></span> 
     </span>
     <span class='ocr_line' id='line_1_19' title="bbox 432 2725 1619 2813; baseline -0.003 -21"><span class='ocrx_word' id='word_1_149' title='bbox 432 2748 523 2813; x_wconf 87' lang='lat' dir='ltr'><strong>posse</strong></span> <span class='ocrx_word' id='word_1_150' title='bbox 553 2726 692 2792; x_wconf 86' lang='lat' dir='ltr'><strong>videtur.</strong></span> <span class='ocrx_word' id='word_1_151' title='bbox 722 2725 841 2791; x_wconf 79' lang='lat' dir='ltr'><strong>Scribit</strong></span> <span class='ocrx_word' id='word_1_152' title='bbox 870 2730 956 2791; x_wconf 87' lang='lat' dir='ltr'><strong>enim</strong></span> <span class='ocrx_word' id='word_1_153' title='bbox 987 2726 1157 2792; x_wconf 85' lang='lat' dir='ltr'><strong>scholiasta</strong></span> <span class='ocrx_word' id='word_1_154' title='bbox 1187 2726 1210 2791; x_wconf 94' lang='lat' dir='ltr'><strong>l.</strong></span> <span class='ocrx_word' id='word_1_155' title='bbox 1224 2726 1245 2792; x_wconf 92' lang='grc' dir='ltr'><strong>Ι.</strong></span> <span class='ocrx_word' id='word_1_156' title='bbox 1270 2726 1464 2808; x_wconf 72' lang='grc' dir='ltr'><strong><em>Τηλέμαχος</em></strong></span> <span class='ocrx_word' id='word_1_157' title='bbox 1488 2728 1550 2804; x_wconf 72' lang='grc' dir='ltr'><strong>γάρ</strong></span> <span class='ocrx_word' id='word_1_158' title='bbox 1574 2751 1619 2797; x_wconf 79' lang='grc' dir='ltr'><strong><em>τις</em></strong></span> 
     </span>
     <span class='ocr_line' id='line_1_20' title="bbox 432 2833 1621 2913; baseline -0.002 -15"><span class='ocrx_word' id='word_1_159' title='bbox 432 2833 616 2904; x_wconf 74' lang='grc' dir='ltr'><strong><em>καταλύσας</em></strong></span> <span class='ocrx_word' id='word_1_160' title='bbox 630 2837 685 2906; x_wconf 74' lang='grc' dir='ltr'><strong>την</strong></span> <span class='ocrx_word' id='word_1_161' title='bbox 698 2833 870 2910; x_wconf 72' lang='grc' dir='ltr'><strong><em>Φαλάριδος</em></strong></span> <span class='ocrx_word' id='word_1_162' title='bbox 882 2834 1042 2913; x_wconf 67' lang='lat' dir='ltr'><strong>maderiis</strong></span> <span class='ocrx_word' id='word_1_163' title='bbox 1055 2835 1084 2897; x_wconf 78' lang='grc' dir='ltr'><strong><em>ἕν</em></strong></span> <span class='ocrx_word' id='word_1_164' title='bbox 1099 2834 1291 2912; x_wconf 69' lang='grc' dir='ltr'><strong><em>Ἀκράγαντι</em></strong></span> <span class='ocrx_word' id='word_1_165' title='bbox 1304 2859 1322 2898; x_wconf 92' lang='grc' dir='ltr'><strong><em>τ</em></strong></span> <span class='ocrx_word' id='word_1_166' title='bbox 1334 2836 1375 2909; x_wconf 72' lang='grc' dir='ltr'><strong><em>ην</em></strong></span> <span class='ocrx_word' id='word_1_167' title='bbox 1394 2835 1448 2912; x_wconf 81' lang='grc' dir='ltr'><strong>βα</strong></span> <span class='ocrx_word' id='word_1_168' title='bbox 1459 2834 1568 2899; x_wconf 69' lang='lat' dir='ltr'><strong>criel</strong></span> <span class='ocrx_word' id='word_1_169' title='bbox 1576 2857 1621 2896; x_wconf 80' lang='grc' dir='ltr'><strong><em>αν</em></strong></span> 
     </span>
    </p>
   </div>
   <div class='ocr_carea' id='block_1_3' title="bbox 430 2938 1623 3349">
    <p class='ocr_par' dir='ltr' id='par_1_4' title="bbox 430 2938 1623 3349">
     <span class='ocr_line' id='line_1_21' title="bbox 431 2938 1621 3026; baseline -0.002 -20"><span class='ocrx_word' id='word_1_170' title='bbox 431 2941 601 3013; x_wconf 71' lang='lat' dir='ltr'><strong>inrisere.</strong></span> <span class='ocrx_word' id='word_1_171' title='bbox 634 2939 700 3004; x_wconf 81' lang='lat' dir='ltr'><strong>alii</strong></span> <span class='ocrx_word' id='word_1_172' title='bbox 713 2942 741 3020; x_wconf 88' lang='lat'><strong>⁵)</strong></span> <span class='ocrx_word' id='word_1_173' title='bbox 772 2938 1002 3006; x_wconf 82' lang='lat' dir='ltr'><strong>Telemachum</strong></span> <span class='ocrx_word' id='word_1_174' title='bbox 1033 2944 1165 3026; x_wconf 89' lang='lat' dir='ltr'><strong>eiusque</strong></span> <span class='ocrx_word' id='word_1_175' title='bbox 1190 2962 1392 3019; x_wconf 82' lang='lat' dir='ltr'><strong>successores,</strong></span> <span class='ocrx_word' id='word_1_176' title='bbox 1417 2940 1621 3006; x_wconf 83' lang='lat' dir='ltr'><strong>Alcumenam</strong></span> 
     </span>
     <span class='ocr_line' id='line_1_22' title="bbox 430 3045 1623 3123; baseline -0.003 -9"><span class='ocrx_word' id='word_1_177' title='bbox 430 3055 463 3114; x_wconf 89' lang='lat' dir='ltr'><strong>et</strong></span> <span class='ocrx_word' id='word_1_178' title='bbox 486 3045 681 3113; x_wconf 85' lang='lat' dir='ltr'><strong>Alcandrum</strong></span> <span class='ocrx_word' id='word_1_179' title='bbox 694 3051 720 3118; x_wconf 82' lang='lat'><strong>⁸)</strong></span> <span class='ocrx_word' id='word_1_180' title='bbox 744 3048 937 3123; x_wconf 74' lang='grc' dir='ltr'><strong><em>αἰσυμνήτας</em></strong></span> <span class='ocrx_word' id='word_1_181' title='bbox 963 3057 1088 3113; x_wconf 78' lang='lat' dir='ltr'><strong>vocant.</strong></span> <span class='ocrx_word' id='word_1_182' title='bbox 1111 3047 1173 3113; x_wconf 82' lang='lat' dir='ltr'><strong>Sed</strong></span> <span class='ocrx_word' id='word_1_183' title='bbox 1196 3047 1277 3112; x_wconf 89' lang='lat' dir='ltr'><strong>nihil</strong></span> <span class='ocrx_word' id='word_1_184' title='bbox 1302 3049 1360 3112; x_wconf 90' lang='lat' dir='ltr'><strong>hac</strong></span> <span class='ocrx_word' id='word_1_185' title='bbox 1384 3047 1422 3112; x_wconf 92' lang='lat' dir='ltr'><strong>de</strong></span> <span class='ocrx_word' id='word_1_186' title='bbox 1444 3068 1478 3112; x_wconf 90' lang='lat' dir='ltr'><strong>re</strong></span> <span class='ocrx_word' id='word_1_187' title='bbox 1500 3053 1623 3111; x_wconf 82' lang='lat' dir='ltr'><strong>constat</strong></span> 
     </span>
     <span class='ocr_line' id='line_1_23' title="bbox 432 3153 1623 3241; baseline -0.002 -22"><span class='ocrx_word' id='word_1_188' title='bbox 432 3175 533 3240; x_wconf 85' lang='lat' dir='ltr'><strong>neque</strong></span> <span class='ocrx_word' id='word_1_189' title='bbox 563 3153 601 3219; x_wconf 92' lang='lat' dir='ltr'><strong>de</strong></span> <span class='ocrx_word' id='word_1_190' title='bbox 632 3175 744 3219; x_wconf 90' lang='lat' dir='ltr'><strong>eorum</strong></span> <span class='ocrx_word' id='word_1_191' title='bbox 782 3175 882 3241; x_wconf 77' lang='lat' dir='ltr'><strong>regno</strong></span> <span class='ocrx_word' id='word_1_192' title='bbox 904 3158 1076 3241; x_wconf 88' lang='lat' dir='ltr'><strong>quicquam</strong></span> <span class='ocrx_word' id='word_1_193' title='bbox 1100 3157 1250 3219; x_wconf 88' lang='lat' dir='ltr'><strong>innotuit.</strong></span> <span class='ocrx_word' id='word_1_194' title='bbox 1276 3153 1383 3240; x_wconf 83' lang='lat' dir='ltr'><strong>Usque</strong></span> <span class='ocrx_word' id='word_1_195' title='bbox 1406 3154 1445 3220; x_wconf 87' lang='lat' dir='ltr'><strong>ad</strong></span> <span class='ocrx_word' id='word_1_196' title='bbox 1469 3153 1623 3219; x_wconf 74' lang='lat' dir='ltr'><strong>Theronis</strong></span> 
     </span>
     <span class='ocr_line' id='line_1_24' title="bbox 430 3259 1622 3349; baseline -0.003 -21"><span class='ocrx_word' id='word_1_197' title='bbox 430 3269 568 3328; x_wconf 85' lang='lat' dir='ltr'><strong>aetatem</strong></span> <span class='ocrx_word' id='word_1_198' title='bbox 600 3263 890 3349; x_wconf 66' lang='lat' dir='ltr'><strong>Agrigentinorum</strong></span> <span class='ocrx_word' id='word_1_199' title='bbox 922 3263 1055 3326; x_wconf 89' lang='lat' dir='ltr'><strong>historia</strong></span> <span class='ocrx_word' id='word_1_200' title='bbox 1078 3265 1110 3325; x_wconf 92' lang='lat' dir='ltr'><strong>in</strong></span> <span class='ocrx_word' id='word_1_201' title='bbox 1133 3263 1359 3326; x_wconf 85' lang='lat' dir='ltr'><strong>historicorum</strong></span> <span class='ocrx_word' id='word_1_202' title='bbox 1383 3261 1512 3327; x_wconf 86' lang='lat' dir='ltr'><strong>silentio</strong></span> <span class='ocrx_word' id='word_1_203' title='bbox 1533 3259 1622 3325; x_wconf 87' lang='lat' dir='ltr'><strong>latet.</strong></span> 
     </span>
    </p>
   </div>
   <div class='ocr_carea' id='block_1_4' title="bbox 432 3508 1626 4482">
    <p class='ocr_par' dir='ltr' id='par_1_5' title="bbox 468 3508 1077 3571">
     <span class='ocr_line' id='line_1_25' title="bbox 468 3508 1077 3571; baseline -0.005 -11"><span class='ocrx_word' id='word_1_204' title='bbox 468 3511 492 3571; x_wconf 91' lang='lat' dir='ltr'><strong>l)</strong></span> <span class='ocrx_word' id='word_1_205' title='bbox 510 3509 582 3560; x_wconf 89' lang='lat' dir='ltr'><strong>Diod.</strong></span> <span class='ocrx_word' id='word_1_206' title='bbox 599 3509 646 3560; x_wconf 83' lang='lat' dir='ltr'><strong>Sic.</strong></span> <span class='ocrx_word' id='word_1_207' title='bbox 664 3509 706 3560; x_wconf 80' lang='lat' dir='ltr'><strong>lx.</strong></span> <span class='ocrx_word' id='word_1_208' title='bbox 725 3509 765 3559; x_wconf 79' lang='grc'><strong>88.</strong></span> <span class='ocrx_word' id='word_1_209' title='bbox 783 3509 899 3558; x_wconf 80' lang='lat' dir='ltr'><strong>Presnisn</strong></span> <span class='ocrx_word' id='word_1_210' title='bbox 918 3524 941 3557; x_wconf 89' lang='lat'><strong>0.</strong></span> <span class='ocrx_word' id='word_1_211' title='bbox 959 3509 976 3558; x_wconf 92' lang='grc' dir='ltr'><strong>Ι.</strong></span> <span class='ocrx_word' id='word_1_212' title='bbox 993 3508 1018 3557; x_wconf 93' lang='grc' dir='ltr'><strong>ΙΙ</strong></span> <span class='ocrx_word' id='word_1_213' title='bbox 1037 3508 1077 3560; x_wconf 78' lang='lat' dir='ltr'><strong>is.</strong></span> 
     </span>
    </p>

    <p class='ocr_par' dir='ltr' id='par_1_6' title="bbox 468 3590 1000 3654">
     <span class='ocr_line' id='line_1_26' title="bbox 468 3590 1000 3654; baseline 0.002 -14"><span class='ocrx_word' id='word_1_214' title='bbox 468 3593 493 3654; x_wconf 74' lang='lat'><strong>2)</strong></span> <span class='ocrx_word' id='word_1_215' title='bbox 510 3593 591 3642; x_wconf 80' lang='lat' dir='ltr'><strong>Schol.</strong></span> <span class='ocrx_word' id='word_1_216' title='bbox 608 3593 639 3642; x_wconf 89' lang='lat' dir='ltr'><strong>ad</strong></span> <span class='ocrx_word' id='word_1_217' title='bbox 658 3592 727 3641; x_wconf 88' lang='lat' dir='ltr'><strong>Pind.</strong></span> <span class='ocrx_word' id='word_1_218' title='bbox 746 3590 825 3640; x_wconf 84' lang='lat' dir='ltr'><strong>Carsu.</strong></span> <span class='ocrx_word' id='word_1_219' title='bbox 843 3590 883 3640; x_wconf 80' lang='lat'><strong>01.</strong></span> <span class='ocrx_word' id='word_1_220' title='bbox 901 3590 942 3639; x_wconf 92' lang='lat'><strong>111</strong></span> <span class='ocrx_word' id='word_1_221' title='bbox 959 3591 1000 3641; x_wconf 77' lang='grc'><strong>68.</strong></span> 
     </span>
    </p>

    <p class='ocr_par' dir='ltr' id='par_1_7' title="bbox 432 3673 1624 4069">
     <span class='ocr_line' id='line_1_27' title="bbox 468 3673 1622 3740; baseline -0.002 -16"><span class='ocrx_word' id='word_1_222' title='bbox 468 3677 492 3737; x_wconf 80' lang='lat' dir='ltr'><strong>e)</strong></span> <span class='ocrx_word' id='word_1_223' title='bbox 510 3675 581 3725; x_wconf 84' lang='lat' dir='ltr'><strong>Orid.</strong></span> <span class='ocrx_word' id='word_1_224' title='bbox 605 3675 642 3725; x_wconf 90' lang='lat' dir='ltr'><strong>lb.</strong></span> <span class='ocrx_word' id='word_1_225' title='bbox 665 3676 805 3725; x_wconf 75' lang='lat' dir='ltr'><strong>sal-aas.</strong></span> <span class='ocrx_word' id='word_1_226' title='bbox 823 3673 920 3723; x_wconf 87' lang='lat' dir='ltr'><strong>Heracl.</strong></span> <span class='ocrx_word' id='word_1_227' title='bbox 938 3673 1009 3724; x_wconf 89' lang='lat' dir='ltr'><strong>Pout.</strong></span> <span class='ocrx_word' id='word_1_228' title='bbox 1033 3675 1062 3722; x_wconf 81' lang='lat' dir='ltr'><strong>ir.</strong></span> <span class='ocrx_word' id='word_1_229' title='bbox 1084 3674 1124 3726; x_wconf 80' lang='lat'><strong>37.</strong></span> <span class='ocrx_word' id='word_1_230' title='bbox 1142 3676 1211 3740; x_wconf 75' lang='lat' dir='ltr'><strong>Quae</strong></span> <span class='ocrx_word' id='word_1_231' title='bbox 1229 3682 1313 3723; x_wconf 87' lang='lat' dir='ltr'><strong>narrat</strong></span> <span class='ocrx_word' id='word_1_232' title='bbox 1333 3673 1442 3723; x_wconf 87' lang='lat' dir='ltr'><strong>Valerius</strong></span> <span class='ocrx_word' id='word_1_233' title='bbox 1460 3673 1528 3723; x_wconf 79' lang='lat' dir='ltr'><strong>Max.</strong></span> <span class='ocrx_word' id='word_1_234' title='bbox 1544 3674 1584 3722; x_wconf 92' lang='grc' dir='ltr'><strong>ΙΙΙ</strong></span> <span class='ocrx_word' id='word_1_235' title='bbox 1606 3675 1622 3723; x_wconf 80' lang='grc'><strong>3</strong></span> 
     </span>
     <span class='ocr_line' id='line_1_28' title="bbox 432 3757 1623 3823; baseline -0.003 -14"><span class='ocrx_word' id='word_1_236' title='bbox 432 3759 456 3819; x_wconf 69' lang='lat' dir='ltr'><strong>i,</strong></span> <span class='ocrx_word' id='word_1_237' title='bbox 483 3760 524 3809; x_wconf 88' lang='lat' dir='ltr'><strong>uhi</strong></span> <span class='ocrx_word' id='word_1_238' title='bbox 550 3760 629 3809; x_wconf 85' lang='lat' dir='ltr'><strong>Zeno</strong></span> <span class='ocrx_word' id='word_1_239' title='bbox 656 3758 820 3823; x_wconf 80' lang='lat' dir='ltr'><strong>„increpitans</strong></span> <span class='ocrx_word' id='word_1_240' title='bbox 843 3757 1006 3822; x_wconf 76' lang='lat' dir='ltr'><strong>Agrigentinis</strong></span> <span class='ocrx_word' id='word_1_241' title='bbox 1028 3758 1150 3822; x_wconf 74' lang='lat' dir='ltr'><strong>ignaviam</strong></span> <span class='ocrx_word' id='word_1_242' title='bbox 1169 3774 1198 3806; x_wconf 86' lang='lat' dir='ltr'><strong>se</strong></span> <span class='ocrx_word' id='word_1_243' title='bbox 1220 3758 1378 3807; x_wconf 77' lang='lat' dir='ltr'><strong>timiditatem</strong></span> <span class='ocrx_word' id='word_1_244' title='bbox 1401 3757 1481 3806; x_wconf 79' lang='lat' dir='ltr'><strong>effecit</strong></span> <span class='ocrx_word' id='word_1_245' title='bbox 1497 3764 1526 3806; x_wconf 88' lang='lat' dir='ltr'><strong>ut</strong></span> <span class='ocrx_word' id='word_1_246' title='bbox 1542 3757 1623 3806; x_wconf 85' lang='lat' dir='ltr'><strong>subito</strong></span> 
     </span>
     <span class='ocr_line' id='line_1_29' title="bbox 433 3839 1623 3907; baseline -0.005 -14"><span class='ocrx_word' id='word_1_247' title='bbox 433 3841 520 3893; x_wconf 87' lang='lat' dir='ltr'><strong>mentis</strong></span> <span class='ocrx_word' id='word_1_248' title='bbox 544 3841 650 3907; x_wconf 85' lang='lat' dir='ltr'><strong>impulsu</strong></span> <span class='ocrx_word' id='word_1_249' title='bbox 673 3841 797 3900; x_wconf 87' lang='lat' dir='ltr'><strong>concitati,</strong></span> <span class='ocrx_word' id='word_1_250' title='bbox 821 3840 937 3890; x_wconf 77' lang='lat' dir='ltr'><strong>Phalarin</strong></span> <span class='ocrx_word' id='word_1_251' title='bbox 960 3840 1084 3904; x_wconf 82' lang='lat' dir='ltr'><strong>lapidibus</strong></span> <span class='ocrx_word' id='word_1_252' title='bbox 1108 3843 1311 3904; x_wconf 80' lang='lat' dir='ltr'><strong>prosternereut”‚</strong></span> <span class='ocrx_word' id='word_1_253' title='bbox 1334 3856 1381 3889; x_wconf 92' lang='lat' dir='ltr'><strong>non</strong></span> <span class='ocrx_word' id='word_1_254' title='bbox 1398 3839 1472 3903; x_wconf 76' lang='lat' dir='ltr'><strong>digus</strong></span> <span class='ocrx_word' id='word_1_255' title='bbox 1489 3847 1545 3888; x_wconf 88' lang='lat' dir='ltr'><strong>suut</strong></span> <span class='ocrx_word' id='word_1_256' title='bbox 1562 3855 1623 3904; x_wconf 88' lang='lat' dir='ltr'><strong>quse</strong></span> 
     </span>
     <span class='ocr_line' id='line_1_30' title="bbox 432 3921 1624 3987; baseline -0.003 -13"><span class='ocrx_word' id='word_1_257' title='bbox 432 3924 582 3975; x_wconf 75' lang='lat' dir='ltr'><strong>refellantur.</strong></span> <span class='ocrx_word' id='word_1_258' title='bbox 606 3923 634 3973; x_wconf 92' lang='lat' dir='ltr'><strong>lu</strong></span> <span class='ocrx_word' id='word_1_259' title='bbox 652 3923 783 3973; x_wconf 86' lang='lat' dir='ltr'><strong>Iamhlichi</strong></span> <span class='ocrx_word' id='word_1_260' title='bbox 801 3923 852 3972; x_wconf 84' lang='lat' dir='ltr'><strong>rita</strong></span> <span class='ocrx_word' id='word_1_261' title='bbox 868 3922 1021 3986; x_wconf 77' lang='lat' dir='ltr'><strong>Pythagorae</strong></span> <span class='ocrx_word' id='word_1_262' title='bbox 1039 3926 1069 3983; x_wconf 86' lang='lat' dir='ltr'><strong>(e.</strong></span> <span class='ocrx_word' id='word_1_263' title='bbox 1086 3922 1128 3983; x_wconf 77' lang='lat'><strong>82)</strong></span> <span class='ocrx_word' id='word_1_264' title='bbox 1146 3921 1298 3986; x_wconf 69' lang='lat' dir='ltr'><strong>Pythagoras</strong></span> <span class='ocrx_word' id='word_1_265' title='bbox 1315 3921 1453 3971; x_wconf 87' lang='lat' dir='ltr'><strong>Phalaridis</strong></span> <span class='ocrx_word' id='word_1_266' title='bbox 1471 3922 1624 3987; x_wconf 84' lang='lat' dir='ltr'><strong>tyrannidem</strong></span> 
     </span>
     <span class='ocr_line' id='line_1_31' title="bbox 433 4004 1313 4069; baseline -0.003 -12"><span class='ocrx_word' id='word_1_267' title='bbox 433 4007 551 4057; x_wconf 78' lang='lat' dir='ltr'><strong>delevisse</strong></span> <span class='ocrx_word' id='word_1_268' title='bbox 569 4007 666 4057; x_wconf 87' lang='lat' dir='ltr'><strong>dicitur.</strong></span> <span class='ocrx_word' id='word_1_269' title='bbox 681 4006 718 4056; x_wconf 92' lang='lat' dir='ltr'><strong>De</strong></span> <span class='ocrx_word' id='word_1_270' title='bbox 734 4007 780 4055; x_wconf 93' lang='lat' dir='ltr'><strong>hac</strong></span> <span class='ocrx_word' id='word_1_271' title='bbox 796 4021 820 4055; x_wconf 92' lang='lat' dir='ltr'><strong>re</strong></span> <span class='ocrx_word' id='word_1_272' title='bbox 838 4022 860 4055; x_wconf 85' lang='grc' dir='ltr'><strong><em>ν.</em></strong></span> <span class='ocrx_word' id='word_1_273' title='bbox 879 4005 994 4054; x_wconf 77' lang='lat' dir='ltr'><strong>Freemau</strong></span> <span class='ocrx_word' id='word_1_274' title='bbox 1012 4022 1034 4055; x_wconf 92' lang='lat' dir='ltr'><strong>o.</strong></span> <span class='ocrx_word' id='word_1_275' title='bbox 1052 4005 1069 4054; x_wconf 91' lang='lat' dir='ltr'><strong>l.</strong></span> <span class='ocrx_word' id='word_1_276' title='bbox 1087 4005 1113 4056; x_wconf 95' lang='grc' dir='ltr'><strong>ΙΙ</strong></span> <span class='ocrx_word' id='word_1_277' title='bbox 1130 4021 1153 4069; x_wconf 85' lang='lat' dir='ltr'><strong>p.</strong></span> <span class='ocrx_word' id='word_1_278' title='bbox 1172 4004 1313 4058; x_wconf 77' lang='lat' dir='ltr'><strong>tte-sis.</strong></span> 
     </span>
    </p>

    <p class='ocr_par' dir='ltr' id='par_1_8' title="bbox 468 4089 886 4155">
     <span class='ocr_line' id='line_1_32' title="bbox 468 4089 886 4155; baseline -0.007 -16"><span class='ocrx_word' id='word_1_279' title='bbox 468 4092 493 4152; x_wconf 72' lang='grc'><strong>4)</strong></span> <span class='ocrx_word' id='word_1_280' title='bbox 512 4090 576 4139; x_wconf 90' lang='lat' dir='ltr'><strong>Plut.</strong></span> <span class='ocrx_word' id='word_1_281' title='bbox 595 4089 664 4155; x_wconf 85' lang='lat' dir='ltr'><strong>Reip.</strong></span> <span class='ocrx_word' id='word_1_282' title='bbox 681 4105 729 4155; x_wconf 75' lang='lat' dir='ltr'><strong>ger.</strong></span> <span class='ocrx_word' id='word_1_283' title='bbox 747 4105 827 4154; x_wconf 84' lang='lat' dir='ltr'><strong>praee.</strong></span> <span class='ocrx_word' id='word_1_284' title='bbox 845 4089 886 4137; x_wconf 74' lang='lat'><strong>28.</strong></span> 
     </span>
    </p>

    <p class='ocr_par' dir='ltr' id='par_1_9' title="bbox 469 4169 1169 4236">
     <span class='ocr_line' id='line_1_33' title="bbox 469 4169 1169 4236; baseline -0.004 -15"><span class='ocrx_word' id='word_1_285' title='bbox 469 4175 493 4234; x_wconf 78' lang='lat' dir='ltr'><strong>i)</strong></span> <span class='ocrx_word' id='word_1_286' title='bbox 510 4172 597 4222; x_wconf 83' lang='lat' dir='ltr'><strong>Sielert</strong></span> <span class='ocrx_word' id='word_1_287' title='bbox 615 4187 637 4220; x_wconf 91' lang='lat' dir='ltr'><strong>o.</strong></span> <span class='ocrx_word' id='word_1_288' title='bbox 656 4172 672 4221; x_wconf 93' lang='lat' dir='ltr'><strong>l.</strong></span> <span class='ocrx_word' id='word_1_289' title='bbox 691 4189 713 4236; x_wconf 88' lang='lat' dir='ltr'><strong>p.</strong></span> <span class='ocrx_word' id='word_1_290' title='bbox 732 4172 771 4220; x_wconf 75' lang='lat' dir='ltr'><strong>dd.</strong></span> <span class='ocrx_word' id='word_1_291' title='bbox 789 4170 867 4220; x_wconf 86' lang='lat' dir='ltr'><strong>Plass.</strong></span> <span class='ocrx_word' id='word_1_292' title='bbox 885 4169 1012 4234; x_wconf 77' lang='lat' dir='ltr'><strong>Tyrauuis.</strong></span> <span class='ocrx_word' id='word_1_293' title='bbox 1031 4169 1052 4219; x_wconf 88' lang='lat'><strong>1.</strong></span> <span class='ocrx_word' id='word_1_294' title='bbox 1069 4185 1094 4234; x_wconf 84' lang='lat' dir='ltr'><strong>p.</strong></span> <span class='ocrx_word' id='word_1_295' title='bbox 1113 4170 1169 4218; x_wconf 83' lang='grc'>306.</span> 
     </span>
    </p>

    <p class='ocr_par' dir='ltr' id='par_1_10' title="bbox 434 4250 1626 4482">
     <span class='ocr_line' id='line_1_34' title="bbox 468 4250 1626 4320; baseline -0.003 -18"><span class='ocrx_word' id='word_1_296' title='bbox 468 4255 492 4316; x_wconf 85' lang='lat' dir='ltr'><strong>d)</strong></span> <span class='ocrx_word' id='word_1_297' title='bbox 510 4255 581 4320; x_wconf 73' lang='lat' dir='ltr'><strong>Apud</strong></span> <span class='ocrx_word' id='word_1_298' title='bbox 608 4253 704 4304; x_wconf 89' lang='lat' dir='ltr'><strong>Heracl.</strong></span> <span class='ocrx_word' id='word_1_299' title='bbox 730 4253 801 4303; x_wconf 89' lang='lat' dir='ltr'><strong>Pont.</strong></span> <span class='ocrx_word' id='word_1_300' title='bbox 827 4253 865 4314; x_wconf 83' lang='lat' dir='ltr'><strong>(tr.</strong></span> <span class='ocrx_word' id='word_1_301' title='bbox 895 4252 944 4314; x_wconf 80' lang='lat' dir='ltr'><strong>dl).</strong></span> <span class='ocrx_word' id='word_1_302' title='bbox 969 4252 1155 4301; x_wconf 81' lang='lat' dir='ltr'><strong>Alcamenes</strong></span> <span class='ocrx_word' id='word_1_303' title='bbox 1184 4252 1292 4301; x_wconf 81' lang='lat' dir='ltr'><strong>succedit</strong></span> <span class='ocrx_word' id='word_1_304' title='bbox 1317 4251 1452 4301; x_wconf 82' lang='lat' dir='ltr'><strong>Phalaridi.</strong></span> <span class='ocrx_word' id='word_1_305' title='bbox 1469 4251 1571 4300; x_wconf 82' lang='lat' dir='ltr'><strong>Scribit:</strong></span> <span class='ocrx_word' id='word_1_306' title='bbox 1589 4250 1626 4301; x_wconf 81' lang='lat' dir='ltr'><strong>tl.</strong></span> 
     </span>
     <span class='ocr_line' id='line_1_35' title="bbox 434 4333 1626 4400; baseline -0.005 -12"><span class='ocrx_word' id='word_1_307' title='bbox 434 4339 493 4399; x_wconf 66' lang='lat' dir='ltr'><strong>isus·</strong></span> <span class='ocrx_word' id='word_1_308' title='bbox 515 4339 541 4386; x_wconf 75' lang='grc' dir='ltr'><strong><em>ὃν</em></strong></span> <span class='ocrx_word' id='word_1_309' title='bbox 563 4337 700 4400; x_wconf 88' lang='lat' dir='ltr'><strong>(Phalarin)</strong></span> <span class='ocrx_word' id='word_1_310' title='bbox 724 4334 879 4397; x_wconf 61' lang='grc' dir='ltr'><strong><em>Ἀλκαμένης</em></strong></span> <span class='ocrx_word' id='word_1_311' title='bbox 901 4337 1030 4396; x_wconf 68' lang='grc' dir='ltr'><strong><em>παρέλαβε</em></strong></span> <span class='ocrx_word' id='word_1_312' title='bbox 1052 4335 1087 4384; x_wconf 69' lang='grc' dir='ltr'><strong><em>τὰ</em></strong></span> <span class='ocrx_word' id='word_1_313' title='bbox 1105 4333 1248 4397; x_wconf 70' lang='grc' dir='ltr'><strong><em>πράγματα</em></strong></span> <span class='ocrx_word' id='word_1_314' title='bbox 1266 4333 1308 4383; x_wconf 77' lang='grc' dir='ltr'><strong>καὶ</strong></span> <span class='ocrx_word' id='word_1_315' title='bbox 1326 4335 1394 4395; x_wconf 68' lang='grc' dir='ltr'><strong><em>μετὰ</em></strong></span> <span class='ocrx_word' id='word_1_316' title='bbox 1411 4337 1501 4384; x_wconf 75' lang='grc' dir='ltr'><strong><em>τοῦτον</em></strong></span> <span class='ocrx_word' id='word_1_317' title='bbox 1518 4334 1626 4387; x_wconf 65' lang='lat' dir='ltr'><strong>”ham</strong></span> 
     </span>
     <span class='ocr_line' id='line_1_36' title="bbox 434 4414 1623 4482; baseline -0.003 -12"><span class='ocrx_word' id='word_1_318' title='bbox 434 4419 489 4482; x_wconf 69' lang='grc' dir='ltr'><strong>ὅρος</strong></span> <span class='ocrx_word' id='word_1_319' title='bbox 506 4418 623 4482; x_wconf 66' lang='grc' dir='ltr'><strong><em>προέστη,</em></strong></span> <span class='ocrx_word' id='word_1_320' title='bbox 640 4417 717 4480; x_wconf 66' lang='grc' dir='ltr'><strong><em>ἀνὴρ</em></strong></span> <span class='ocrx_word' id='word_1_321' title='bbox 735 4414 889 4474; x_wconf 70' lang='lat' dir='ltr'><strong>irrisistis.</strong></span> <span class='ocrx_word' id='word_1_322' title='bbox 907 4415 950 4465; x_wconf 72' lang='grc' dir='ltr'><strong>καὶ</strong></span> <span class='ocrx_word' id='word_1_323' title='bbox 967 4414 1102 4473; x_wconf 58' lang='lat' dir='ltr'><strong>adsimules</strong></span> <span class='ocrx_word' id='word_1_324' title='bbox 1118 4415 1197 4474; x_wconf 69' lang='lat' dir='ltr'><strong>sirac</strong></span> <span class='ocrx_word' id='word_1_325' title='bbox 1212 4415 1245 4476; x_wconf 70' lang='grc' dir='ltr'><strong>ὥς</strong></span> <span class='ocrx_word' id='word_1_326' title='bbox 1258 4418 1424 4479; x_wconf 77' lang='grc' dir='ltr'><strong><em>περιτόρφνρα</em></strong></span> <span class='ocrx_word' id='word_1_327' title='bbox 1437 4414 1508 4480; x_wconf 64' lang='grc' dir='ltr'><strong><em>’ἔχειν</em></strong></span> <span class='ocrx_word' id='word_1_328' title='bbox 1524 4416 1623 4479; x_wconf 71' lang='grc' dir='ltr'><strong><em>ἱμάτια.</em></strong></span> 
     </span>
    </p>
   </div>
   <div class='ocr_carea' id='block_1_5' title="bbox 0 0 1883 5767">
    <p class='ocr_par' dir='ltr' id='par_1_11' title="bbox 0 0 1883 5767">
     <span class='ocr_line' id='line_1_37' title="bbox 0 0 1883 5767; baseline 0 0"><span class='ocrx_word' id='word_1_329' title='bbox 0 0 1883 5767; x_wconf 95' lang='lat' dir='ltr'><strong> </strong></span> 
     </span>
    </p>
   </div>
  </div>
 </body>
</html>
