3734 5767
822 744 862 810 61

293 924 377 994 Cum
404 929 483 1013 ipsis
513 926 737 1014 Agrigentinis
767 927 881 991 urbem
910 926 1050 991 defendit
1080 926 1245 1013 Dexippus
1258 925 1284 1010 ¹)
1308 928 1437 1015 quIdam

247 1031 516 1098 Lacedaemonius
548 1031 733 1114 προσφάτως
765 1032 798 1095 ἐκ
831 1031 930 1103 ritae
963 1035 1063 1113 πορὼν
1096 1035 1181 1110 μετὰ
1213 1033 1302 1112 ξθνων
1329 1037 1439 1114 χιλίων

248 1141 467 1217 πεντακοσίων,
486 1141 544 1225 qui
562 1141 654 1204 iussu
667 1139 955 1227 Agrigentinorum
969 1160 1065 1226 quam
1077 1144 1255 1206 maximam
1266 1164 1439 1209 numerum

247 1245 394 1311 mIlitnm
422 1246 616 1311 conduxerat
645 1250 678 1310 et
700 1248 830 1331 insuper
853 1243 1010 1332 Campani
1033 1249 1160 1312 circiter
1183 1250 1360 1334 octingenti
1385 1252 1439 1335 qui

247 1358 320 1437 post
349 1351 518 1417 Himeram
542 1356 759 1438 expugnatam
784 1352 823 1416 ab
846 1350 1029 1418 Hannibale
1052 1357 1248 1419 exauctorati
1273 1362 1380 1435 erant;
1405 1356 1441 1421 bi

249 1465 377 1525 auctore
403 1458 543 1524 Diodoro
564 1457 731 1538 SIoulo²):
757 1457 914 1540 κατέσχον
938 1459 989 1524 τὸν
1014 1460 1088 1538 ὑπὲρ
1110 1468 1165 1535 τοῖς
1190 1461 1307 1531 πόλεως
1332 1464 1438 1545 λθφον,

249 1564 301 1629 πθν
336 1564 494 1642 Ἀθήναιον
528 1565 585 1643 μίν
620 1563 850 1647 θνορσοιζθροενον,
886 1566 972 1631 κοντοὶ
1008 1566 1040 1631 bd
1075 1573 1129 1640 τῆς
1164 1567 1281 1638 πθλσυο
1317 1571 1439 1650 εὐφυῶς

250 1673 396 1751 κείμενον.
993 1729 997 1738 .

295 1780 376 1845 Bina
394 1778 581 1846 locaverunt
600 1777 880 1866 Carthaginienses
899 1784 1013 1857 castra,
1033 1778 1135 1845 altera
1154 1780 1206 1846 ίπί
1222 1805 1309 1848 τινων
1324 1780 1439 1864 λόφων,

252 1887 303 1968 ἐφ’
327 1883 365 1951 ὦν
388 1886 460 1960 πούς
485 1888 514 1951 τ’
530 1885 661 1966 Ἴβνρροορ
682 1887 738 1951 κοοί
756 1909 841 1958 τινος
861 1893 919 1951 τῶν
941 1887 1067 1964 Λνβθων
1086 1884 1213 1972 ἓτοοξοιν,
1233 1890 1276 1962 είς
1297 1913 1437 1969 τετροοκορ

252 1994 371 2071 μυρίους
386 1992 423 2079 ³),
455 1993 555 2059 altera
585 1995 638 2059 οὐκ
669 1991 780 2059 ἄποθεν
804 2001 858 2068 τῆς
883 1993 1001 2065 πθλευο
1024 1994 1109 2059 fossa
1132 1993 1281 2080 valloque
1304 1999 1440 2062 mundta.

252 2100 486 2189 Schubringius
499 2102 525 2181 ί)
548 2099 714 2167 Iberorum
738 2105 841 2166 castra
862 2102 896 2165 in
916 2098 1008 2184 colle,
1027 2122 1111 2166 nunc
1127 2100 1328 2169 Monsorrato
1347 2105 1443 2182 dicto,

253 2208 292 2273 ab
324 2208 402 2273 urbe
433 2228 582 2273 oceasum
612 2207 689 2273 solis
720 2228 831 2273 versus
862 2207 961 2272 fuisse
992 2209 1152 2293 opinetur.
1184 2204 1296 2274 Castra
1321 2230 1444 2295 quaen

253 2314 392 2381 Diodoro
415 2316 514 2380 fuisse
537 2314 688 2381 dicuntur
710 2314 764 2379 οὐκ
786 2313 898 2379 θτοθεν
918 2321 974 2388 τῆς
994 2312 1111 2385 πίλεοος
1132 2315 1276 2381 eiusdem
1296 2319 1443 2403 opinione

252 2424 354 2508 posita
389 2427 478 2487 erant
512 2424 546 2486 in
580 2427 671 2508 parte
702 2420 793 2487 collis
822 2419 970 2507 proclivi,
1002 2441 1063 2498 „en
1088 2420 1147 2487 den
1178 2423 1356 2511 Abbingen
1387 2423 1443 2489 des

252 2528 452 2594 Monserrato
474 2549 577 2616 gegen
603 2528 663 2594 den
685 2527 779 2593 Fluss
802 2527 933 2615 Hypsas
956 2527 1027 2593 uu”.
1053 2527 1196 2613 Utraque
1218 2532 1322 2616 igItur
1341 2536 1444 2595 castre

252 2635 292 2700 ab
326 2634 406 2700 urbe
438 2655 585 2700 occasum
620 2633 696 2701 solis
730 2655 842 2700 versus
876 2635 975 2698 fuisse
1004 2640 1107 2719 putat.
1140 2635 1306 2701 Praestare
1335 2644 1442 2701 tamen

252 2741 380 2807 rIdetur
410 2740 571 2822 HolmiiI)
594 2744 761 2818 sententia,
786 2744 841 2827 qui
864 2740 1029 2806 iberorum
1053 2746 1156 2806 castra
1178 2743 1217 2807 ab
1242 2742 1320 2808 urbe
1343 2747 1443 2809 orten-

252 2854 319 2913 tem
342 2847 441 2914 solem
465 2869 576 2914 versus
599 2849 698 2913 fuisse
719 2869 777 2933 pro
800 2852 886 2913 certo
904 2847 1010 2912 habet.
1032 2845 1241 2934 Syracusanis
1260 2851 1440 2915 enimcum

253 2956 476 3041 Agrigentinis
510 2953 631 3020 auxilio
663 2956 809 3020 venirent
843 2954 971 3019 obviam
1005 2956 1096 3018 misit
1125 2951 1441 3041 Carthaginiensium

255 3062 321 3128 dux
350 3062 419 3133 τοθρ
444 3060 613 3141 τ’Ἴβνρροοσ
636 3061 904 3137 κοοί·Κοομποθνους
929 3060 982 3125 aa)
1005 3067 1065 3125 τῶν
1087 3059 1192 3125 ἄλλων
1215 3063 1269 3126 οὐκ
1292 3061 1442 3136 ίλοίττονο

254 3168 522 3254 τετρακισμυρίων,
553 3171 610 3254 qui
640 3189 659 3234 a
690 3167 898 3255 Syracusanis
927 3169 1007 3233 victi
1038 3168 1193 3255 ingerunt
1220 3169 1262 3240 είς
1293 3168 1348 3242 rire
1371 3168 1443 3249 πρὸς

254 3275 448 3357 ’superam
470 3275 686 3357 παρεμβολήν,
711 3274 826 3361 quibus
849 3276 955 3340 verbis
975 3294 993 3339 a
1012 3271 1150 3340 Diodoro
1163 3274 1190 3354 ⁸)
1211 3273 1320 3340 eadem
1342 3281 1445 3341 castra

252 3383 387 3449 indicari
406 3381 567 3460 mdentun
588 3401 669 3468 quae
687 3382 871 3447 indicantur
889 3381 1015 3447 verbis:
1036 3382 1090 3446 οὐκ
1109 3379 1219 3446 θτοθεν
1239 3390 1295 3456 τῆς
1315 3383 1445 3456 πόλεως.

253 3489 354 3555 Fusos
377 3489 485 3555 Iberos
508 3494 590 3555 teste
613 3487 750 3554 Diodoro
775 3487 968 3574 Syracusani
989 3491 1149 3573 persecuti
1172 3496 1248 3554 sunt
1269 3488 1365 3570 μέχρι
1388 3497 1444 3565 τῆς

254 3597 372 3668 πίλευσ
411 3615 584 3681 eorumque
624 3601 728 3660 castra
761 3600 923 3681 oeperunt.
960 3594 1071 3661 Verbis
1107 3594 1200 3675 μίχρο
1236 3603 1291 3670 τῆς
1327 3595 1445 3670 adanae

253 3725 376 3770 necesse
395 3709 445 3769 est
463 3724 533 3769 eam
553 3702 720 3789 designent
738 3702 827 3767 urbis
845 3708 970 3787 partem
990 3722 1071 3787 quae
1090 3709 1212 3788 spectat
1229 3703 1268 3768 ad
1287 3705 1444 3769 orientem

251 3832 373 3890 versus,
397 3830 472 3875 nam
495 3808 653 3896 proelium
676 3810 753 3895 quin
773 3809 812 3874 eb
831 3808 910 3874 urbe
928 3812 1084 3874 orientem
1103 3831 1214 3875 versus
1232 3813 1441 3877 commissum

289 4103 312 4166 1)
329 4103 402 4154 Diod.
419 4103 467 4153 Sic.
484 4102 553 4163 XIII,
571 4103 612 4154 85.

288 4187 316 4252 2)
333 4186 405 4237 Diod.
428 4185 477 4236 Sic.
500 4186 569 4247 XIII,
592 4187 632 4236 85.
651 4183 834 4250 Schnbringinr,
853 4191 970 4251 utsupra
988 4185 1080 4235 dictum
1098 4191 1142 4244 est,
1160 4187 1203 4235 τὸν
1220 4185 1305 4243 “Aina
1323 4185 1380 4250 λίψ.
1397 4203 1441 4252 pro

252 4285 307 4320 ιτοο
327 4268 533 4319 antehabendam
549 4275 630 4335 potet,
645 4267 790 4317 Freemannr
807 4266 945 4333 Campanos
961 4267 1047 4333 „Rupe
1063 4269 1172 4318 Ateuso⁸⁸
1186 4285 1316 4335 occupasse
1326 4268 1442 4319 reficimi-

251 4352 301 4402 Iins
320 4351 395 4402 ducit.

287 4435 311 4497 θ)
328 4434 400 4485 Diod.
417 4433 466 4484 Sio.
483 4433 554 4495 XIII,
571 4435 612 4483 St.

286 4519 312 4579 4)
328 4515 470 4581 Sobobring.
488 4533 510 4566 o.
527 4517 546 4567 l.
562 4531 585 4582 p.
604 4516 644 4566 oe.

288 4601 311 4661 b)
328 4599 411 4649 Holm.
428 4616 451 4649 o.
467 4600 485 4650 l.
504 4599 537 4658 ΙΙ,
555 4616 579 4666 p.
595 4599 652 4648 426.

286 4681 311 4746 θ)
328 4682 401 4733 Diod.
417 4682 466 4733 Sic.
482 4682 551 4742 x111,
569 4681 609 4736 8‘1.
