3734 5767
1045 739 1087 805 18

468 924 626 991 currebat.
667 923 768 990 'Prens
810 921 927 989 vellem
970 922 1061 988 nulle
1104 926 1244 1010 vestigio
1278 929 1364 988 eunt.
1399 924 1464 990 Ubi
1498 931 1662 993 extremus

467 1030 558 1097 collis
600 1029 678 1097 solis
718 1051 864 1097 occesum
907 1052 1021 1096 versus
1055 1030 1199 1096 flectitur
1232 1031 1338 1096 feuces
1372 1039 1458 1109 sunt,
1496 1033 1560 1099 140
1594 1036 1661 1101 fere

468 1159 580 1223 pessus
613 1141 648 1203 in
678 1136 797 1203 collem
825 1144 1039 1222 penetrantes,
1070 1141 1103 1202 iu
1136 1159 1273 1223 querum
1303 1145 1392 1223 perte
1422 1142 1661 1225 septentrionali

467 1247 607 1331 vestigio
629 1247 716 1309 muri
737 1247 958 1309 inveniuntur.

513 1350 629 1417 Murus
657 1372 697 1417 en
724 1372 825 1438 nsque
851 1351 891 1417 ed
914 1349 1086 1436 templum,
1103 1351 1187 1437 qnod
1209 1351 1328 1417 dicitur
1350 1351 1480 1418 lunonis
1502 1354 1660 1434 Ieciniee,

465 1459 535 1538 (ubi
556 1478 679 1545 vorego
699 1479 848 1524 occesum
866 1478 980 1522 versus
998 1457 1151 1532 flectitur)
1170 1459 1397 1523 extenderetur
1415 1462 1574 1525 incertum
1594 1469 1659 1541 ost;

466 1585 557 1650 sepes
571 1568 658 1631 euim
674 1571 840 1631 cestorum
855 1571 888 1630 et
901 1571 1007 1630 sentes
1022 1563 1277 1651 Schubringium
1290 1566 1521 1650 prohibuerunt
1534 1577 1660 1654 pertem

467 1670 558 1738 collis
581 1675 717 1738 extremi
740 1693 821 1757 quse
844 1676 894 1737 est
915 1674 1001 1737 inter
1023 1671 1129 1736 lauces
1151 1678 1185 1737 et
1203 1671 1362 1757 templum
1375 1672 1506 1738 lunonis
1517 1696 1659 1760 perscru-

466 1781 539 1844 teri.
572 1780 600 1843 A
627 1777 748 1863 templo
776 1778 906 1844 lunonis
929 1778 1099 1843 meridiem
1122 1799 1233 1843 versus
1256 1799 1332 1843 sere
1353 1789 1557 1857 corruernut3
1581 1789 1660 1847 tem·

466 1883 558 1971 plum
589 1905 652 1971 que
674 1891 796 1971 spectet
817 1889 902 1951 iuter
926 1885 1096 1950 meridiem
1118 1893 1151 1950 et
1174 1884 1251 1950 solis
1274 1907 1421 1951 occasum
1440 1908 1550 1953 uersus
1570 1910 1660 1955 vore

465 1995 536 2080 gini
566 1995 728 2059 imminet.
762 1994 789 2057 A
820 1991 941 2078 templo
972 2012 1120 2057 oocesum
1148 2013 1261 2058 versus
1287 1999 1380 2078 porte
1410 2001 1459 2058 est
1482 2016 1659 2081 perquem

466 2101 520 2164 vie
551 2120 568 2164 e
598 2097 732 2185 planitie
767 2098 807 2163 ed
842 2097 1001 2185 templum
1037 2099 1134 2164 ducit.
1172 2097 1208 2162 ln
1244 2102 1328 2164 sexis
1359 2098 1504 2185 sepulcre
1533 2100 1658 2183 sunt1).

468 2204 612 2291 Vestigie
641 2208 728 2270 muri
759 2208 878 2291 partim
909 2208 976 2270 suis
1007 2204 1085 2270 locis
1111 2208 1284 2290 partimin
1307 2209 1392 2270 sexis
1414 2209 1448 2271 in
1471 2211 1657 2294 uoraginem

467 2312 606 2388 deiectis,
632 2314 880 2397 conspiciuntur.
905 2312 993 2377 luter
1014 2311 1174 2398 templum
1194 2312 1325 2378 lunonis
1344 2319 1377 2377 et
1396 2312 1556 2399 templum
1575 2315 1658 2402 qnod

467 2419 585 2484 dicitur
616 2416 808 2486 Concordiee
834 2416 942 2484 multe
964 2422 1103 2505 vestigio
1124 2425 1305 2505 supersunt.
1330 2420 1559 2506 Nonnusquem
1584 2442 1658 2486 sexe

468 2533 535 2591 erte
566 2533 641 2591 sunt
671 2525 807 2591 leevete.
839 2525 926 2605 Quen
956 2547 1028 2610 pers
1052 2534 1101 2590 est
1122 2529 1207 2591 inter
1229 2525 1388 2612 templum
1412 2524 1603 2594 Concordiae
1626 2536 1658 2594 st

469 2631 620 2713 „Portem
650 2631 812 2697 Aureem'’
837 2631 976 2697 eundem
999 2632 1063 2697 lere
1085 2633 1215 2717 praebet
1238 2642 1420 2718 aspectum3
1444 2634 1557 2699 multis
1579 2634 1658 2700 locis

466 2760 541 2806 sere
558 2742 685 2805 ruinem
704 2739 869 2816 dederuut,
889 2738 1032 2824 sepulcre
1048 2742 1080 2803 in
1095 2742 1179 2804 sexis
1192 2742 1441 2825 conspiciuntur.
1454 2740 1575 2827 Magne
1586 2763 1657 2827 pers

467 2848 554 2911 muri
587 2866 651 2911 une
685 2867 759 2910 cnm
794 2847 878 2911 sexis
911 2867 1005 2932 prope
1036 2845 1185 2911 Herculis
1216 2845 1373 2932 templum
1403 2850 1438 2911 iu
1469 2852 1655 2934 voraginem

466 2951 586 3018 deiecta
609 2959 666 3020 est.
690 2951 778 3018 Inter
800 2951 930 3018 Portem
956 2954 1096 3018 Aureem
1119 2950 1279 3018 stlocum
1304 2956 1356 3018 cui
1379 2953 1463 3040 epnd
1487 2952 1656 3020 Schubrin·

464 3062 558 3146 glum
589 3065 636 3124 est
667 3080 781 3126 nomen
814 3056 915 3135 „Geso
948 3058 1091 3124 Abeddie
1115 3058 1231 3124 Besse'’
1256 3080 1329 3145 pers
1352 3067 1401 3125 est
1424 3063 1510 3124 muri
1533 3063 1654 3146 optime

465 3172 599 3232 servete.
631 3165 729 3232 Porto
759 3169 792 3231 in
824 3167 882 3231 hec
911 3173 1001 3251 perte
1032 3173 1109 3240 eret,
1141 3188 1197 3251 per
1228 3187 1325 3253 quem
1356 3169 1409 3233 vie
1432 3166 1471 3233 ed
1496 3167 1653 3253 templum

465 3273 549 3358 quod
574 3272 691 3338 dicitur
714 3269 854 3339 Castoris
877 3278 909 3338 et
931 3271 1072 3338 Pollucis
1093 3273 1222 3338 ferebet.
1243 3273 1305 3338 Ubi
1325 3279 1372 3339 est
1392 3272 1471 3341 (lese
1491 3275 1655 3340 Abbeddie

465 3379 563 3445 Besso
602 3381 808 3467 Agrigentini
850 3386 980 3445 centum
1019 3379 1084 3445 fere
1118 3382 1210 3445 ennis
1243 3385 1315 3465 post
1349 3381 1460 3446 urbem
1495 3381 1653 3446 conditam

463 3488 618 3574 piscinam
637 3485 799 3564 foderunt;
819 3507 899 3572 quee
918 3495 1011 3552 entee
1029 3485 1092 3551 loci
1109 3492 1224 3551 neture
1243 3486 1341 3552 fuerit
1359 3490 1555 3572 ignoremus.
1568 3486 1656 3553 Inter

498 3768 522 3830 l)
545 3767 582 3818 De
612 3767 650 3817 hie
677 3764 804 3831 sepulcris,
830 3764 915 3815 scribit
941 3763 1114 3828 Schubringiue
1147 3780 1169 3814 o.
1195 3763 1212 3814 l.
1240 3780 1264 3830 p.
1291 3764 1403 3817 lto-17:
1430 3765 1481 3815 Vou
1503 3781 1562 3815 wem
1589 3766 1655 3815 diere

465 3849 557 3900 Griiber
584 3849 716 3900 herrtibren
741 3848 790 3898 und
817 3863 886 3896 weuu
913 3847 949 3895 sie
974 3846 1117 3895 suteteuden
1141 3846 1202 3905 siud,
1226 3846 1258 3896 ist
1281 3847 1335 3897 eine
1359 3847 1443 3911 Frage,
1465 3848 1504 3897 die
1526 3847 1600 3897 sebon
1618 3848 1654 3897 oft

465 3932 603 3997 sergeblioh
626 3930 768 3981 nuterenoht
790 3930 885 3979 worden
910 3929 943 3978 ist
965 3928 1014 3977 und
1038 3928 1077 3977 die
1103 3928 1142 3977 ich
1160 3929 1222 3978 offen
1239 3927 1315 3980 lesse:
1333 3929 1368 3978 sie
1385 3930 1431 3979 den
1448 3929 1564 3979 (iriccben
1584 3945 1654 3979 zuen·

464 4014 597 4074 sobrnihnn,
621 4014 727 4064 wolsten
749 4013 789 4063 die
813 4012 916 4062 Formen
940 4010 1061 4060 duroheus
1083 4010 1275 4074 cigenthiimliclr
1297 4011 1360 4071 siud,
1379 4012 1445 4061 steht
1461 4012 1500 4061 die
1517 4011 1653 4076 Ereiigung

464 4104 588 4162 entgegen‚
617 4097 672 4146 dees
700 4096 735 4146 eie
760 4095 812 4145 ihre
834 4092 1160 4156 Vertbeldigungeeuetelteu
1186 4092 1326 4157 unmoglich
1349 4094 1425 4144 selbet
1449 4110 1475 4143 so
1501 4093 1653 4158 gesobsriobt

464 4178 544 4229 beben
567 4179 670 4239 kinnor,
695 4179 750 4228 dese
774 4176 856 4227 enlcbe
876 4175 968 4240 Folgen
991 4174 1108 4224 eiutreteu
1131 4175 1245 4235 lrcunten,
1268 4176 1313 4224 wie
1336 4176 1371 4225 eie
1393 4178 1418 4226 in
1436 4177 1478 4226 der
1494 4176 1559 4225 'l'bet
1575 4176 1653 4240 einge-

464 4267 543 4311 tretcu
566 4261 628 4312 sind.
652 4261 719 4311 Deru
743 4276 822 4310 neren
845 4260 880 4309 sie
903 4258 952 4307 viel
975 4273 1004 4306 zu
1027 4262 1084 4322 gete
1106 4257 1267 4308 Beumeieter.
1289 4259 1322 4308 Ee
1345 4259 1378 4309 iet
1394 4259 1508 4323 migliclr‚
1525 4259 1580 4308 dese
1598 4258 1651 4307 eine

462 4360 508 4395 nur
531 4345 690 4395 beecbrinlte
712 4342 860 4409 griechiscbe
884 4340 979 4391 Anzebl
1003 4340 1028 4389 in
1053 4340 1284 4404 nechgrisehiseher,
1309 4347 1371 4390 etue
1393 4347 1499 4408 epiterer
1520 4340 1651 4390 rimischer

463 4426 523 4486 zet,
548 4442 585 4476 no
613 4427 651 4476 die
677 4426 835 4491 Beleetigung
860 4423 948 4473 lreinen
974 4422 1059 4471 Werth
1084 4422 1153 4471 mehr
1177 4423 1253 4482 betto,
1276 4424 1396 4473 erueitert
1412 4425 1508 4474 worden
1525 4422 1558 4472 iet
1559 4459 1650 4474 ......

467 4507 620 4560 Unetettbelt
636 4509 694 4559 eber
712 4509 744 4558 iet
760 4525 792 4566 ee,
810 4513 871 4557 etett
889 4505 980 4554 Griber
999 4503 1175 4553 Wechtlriuser
1191 4505 1243 4554 bier
1263 4506 1453 4556 euzuuebmeu'’.

497 4589 597 4641 Erfurdt
611 4608 634 4640 o.
649 4592 666 4642 l.
681 4607 704 4656 p.
721 4592 759 4641 le.
776 4589 887 4655 sepulcre
900 4586 994 4637 Siceuie
1009 4601 1060 4635 esse
1074 4586 1230 4636 attribuenda
1244 4587 1365 4652 opinetur.
1385 4588 1479 4637 Sieiert.
1497 4604 1519 4637 o.
1537 4586 1554 4635 l.
1572 4601 1595 4650 p.
1608 4585 1649 4636 st.

497 4672 592 4739 Lupues
610 4673 656 4724 Die
672 4674 743 4726 Stedt
760 4673 866 4739 Syreltue
883 4671 917 4721 im
935 4668 1073 4720 Alterthum
1091 4685 1115 4733 p.
1134 4669 1189 4719 elo.
1207 4685 1258 4734 sqq.
1275 4669 1370 4720 Siefert.
1388 4686 1410 4721 ο.
1427 4671 1444 4719 l.
1462 4686 1486 4735 p.
1504 4669 1543 4718 25.
