3734 5767
822 752 865 823 87

250 937 398 1018 ἀργυραῖς
419 960 454 999 πο
473 935 525 1001 καὶ
545 944 678 1018 χρυσαῖς
698 934 848 1015 χρώμενοι
860 938 893 1018 ¹).
914 934 1104 1022 Complures
1123 940 1201 1003 satis
1219 942 1309 1003 erant
1326 936 1443 1003 divites

250 1047 306 1130 qui
336 1064 434 1130 equos
460 1043 591 1126 alerent,
614 1064 689 1109 nam
713 1043 912 1110 Dxaenetum
935 1046 1188 1131 Agrigentinum
1211 1047 1268 1131 qui
1291 1044 1444 1132 Olympia

249 1152 386 1234 vicisset,
420 1151 506 1215 cives
537 1158 675 1227 κατῆγον
697 1151 739 1222 εἰς
764 1151 818 1224 σὺν
843 1150 933 1216 πόλιν
959 1153 1011 1231 ἐφ’
1035 1149 1188 1231 ἅρματος,
1212 1151 1441 1228 συνιπόρςπιυον

222 1238 277 1321 ’δ’
305 1257 388 1336 αὐτῷ
420 1255 514 1338 χωρὶς
545 1262 604 1321 τῶν
635 1255 750 1336 ἄλλον,
781 1258 994 1339 συνῶριδες
1025 1257 1259 1336 τριακόσιαι
1291 1264 1441 1323 λευκῶν

250 1361 380 1428 ἵππον
403 1365 501 1440 παρ’
526 1365 657 1429 αὐτῶν
680 1370 753 1428 πῶν
778 1363 1164 1445 Ἀκραγαντίνωνῆ,
1189 1370 1222 1429 et
1239 1365 1441 1429 Antisthenis

246 1468 348 1535 liliam
388 1490 538 1555 sponsam
573 1471 844 1536 commitebantur
877 1472 1052 1537 secundum
1087 1470 1262 1537 Diodorum
1283 1475 1307 1551 ⁸)
1343 1470 1439 1550 ζεύγη

247 1576 344 1641 frelo
359 1582 418 1641 τῶν
437 1576 631 1641 ὀκτακοσίων.
652 1576 787 1662 Saepius
811 1580 1017 1664 Agrigentini
1041 1581 1115 1664 equi
1128 1581 1161 1642 iu
1178 1576 1263 1643 ludis
1275 1580 1438 1663 gymnicis

247 1685 416 1749 uictoriam
447 1689 624 1769 reportasse
656 1684 836 1748 traduntur.
868 1684 936 1749 Iam
967 1683 1171 1769 Empedoclis
1209 1705 1307 1750 avum
1342 1704 1439 1769 equos

248 1789 366 1855 aluisse
389 1795 421 1855 et
445 1789 599 1877 Olympia
623 1792 736 1855 vicisse
759 1797 871 1856 auctor
893 1797 941 1855 est
961 1790 1121 1877 Diogenes
1141 1790 1289 1855 Laertius
1301 1793 1337 1873 4).
1361 1790 1441 1856 The·

247 1898 335 1961 ronis
365 1898 440 1982 equi
469 1899 612 1981 itemque
643 1900 712 1961 eius
742 1896 850 1961 fratris
877 1897 1069 1962 Xenocratis
1091 1901 1218 1982 saepius
1240 1900 1385 1962 vicerunt
1402 1899 1440 1976 ὅ),

248 2010 282 2067 et
310 2024 329 2067 a
360 2001 503 2089 Vergilio
526 2004 742 2089 Agrigentum
770 2003 968 2089 appelletur:
1002 2007 1248 2089 magnanimum
1280 2004 1440 2089 quondam

247 2115 417 2195 generator
447 2109 624 2193 equorum”
643 2109 679 2190 0).
703 2109 866 2176 Memorat
889 2114 986 2176 etiam
1012 2110 1169 2175 Diodorus
1183 2110 1208 2192 ἶ)
1231 2119 1440 2176 monumenta

248 2235 329 2300 quae
364 2217 573 2301 Agrigentini
606 2223 671 2287 σοῖς
705 2217 855 2290 αὐληταῖς
890 2212 995 2287 ἵπποις
1036 2218 1282 2282 κατεσκεύασαν.
1329 2217 1440 2282 Robur

248 2325 406 2388 exercitus
437 2323 601 2408 equitatus
628 2327 695 2388 erat
708 2320 745 2407 ⁸).
777 2322 887 2388 Mulos
910 2344 1035 2409 quoque
1059 2327 1208 2411 egregios
1232 2324 1440 2410 Agrigentini

248 2429 365 2494 aluisse
388 2428 593 2507 ridenturl').

291 2534 339 2601 De
373 2537 662 2623 Agrigentinorum
697 2539 784 2602 vitas
818 2539 942 2602 ratione
973 2557 1131 2622 perpauca
1162 2543 1291 2602 tantum
1323 2536 1440 2602 tradita

246 2646 430 2709 invenimus
447 2643 532 2729 apud
550 2642 737 2720 Diodorum,
754 2646 810 2729 qui
829 2650 935 2709 totum
953 2644 991 2709 de
1011 2646 1297 2731 Agrigentinorum
1316 2644 1441 2709 divitiis

247 2749 356 2815 locum
379 2770 417 2814 ex
440 2749 572 2816 Timaeo
595 2751 737 2816 hausisse
760 2750 888 2817 videtur
904 2750 953 2830 ¹⁰).
973 2751 1075 2816 Lauta
1094 2754 1171 2836 quin
1191 2753 1331 2817 vixerint
1351 2751 1440 2815 urbis

249 2856 369 2922 incolae
399 2856 541 2921 dubitari
571 2878 633 2922 non
666 2862 779 2942 potest.
811 2855 940 2922 Dixisse
971 2860 1057 2922 enim
1088 2858 1189 2923 fertur
1213 2855 1438 2942 Empedocles:

250 2964 485 3043 Ἀκραγαντῖνοι
509 2970 644 3043 τρυφῶσι
668 2964 724 3040 ρςὶν
747 2966 785 3034 ὥς
811 2965 910 3042 αὔριον
929 2967 1167 3035 ἀποθανούμενοι
1183 2963 1230 3048 ¹¹),
1256 2965 1339 3049 quod
1366 2984 1438 3049 pro·

247 3071 321 3136 bare
353 3070 483 3136 videtur
514 3074 635 3156 piscina
665 3078 738 3157 post
761 3073 930 3137 victoriam
954 3072 1038 3157 apud
1057 3071 1224 3136 Himeram
1245 3077 1439 3156 reportatam

282 3358 305 3418 1)
322 3357 399 3406 Addit
424 3357 477 3406 Asl.
504 3355 533 3406 V.
561 3356 592 3406 H.
619 3356 712 3407 Xllz..
738 3353 788 3421 καὶ,
806 3351 972 3418 impartiunt
995 3354 1082 3413 κλίνας
1106 3350 1175 3419 clxiv
1194 3355 1262 3414 ὅλας.
1280 3357 1312 3405 cl.
1329 3356 1392 3406 Tim.
1410 3357 1440 3407 ir.

250 3441 306 3490 118.
324 3440 427 3502 (Miller
443 3439 464 3499 1,
481 3455 505 3505 p.
524 3439 590 3502 221).

283 3522 307 3584 8)
325 3522 397 3572 Diod.
414 3522 461 3572 Sic,
479 3521 549 3581 xm,
567 3521 606 3570 88,

284 3606 308 3666 8)
325 3604 400 3655 Diod.
416 3604 463 3654 Sic.
481 3604 550 3663 XIII,
569 3605 609 3653 84.

285 3686 490 3751 AlDiog.1›asrt
515 3686 586 3747 Vlll,
603 3687 644 3736 80.

286 3773 309 3833 8)
326 3770 397 3820 Pind.
420 3769 501 3820 Darm.
525 3770 564 3819 01.
588 3769 623 3828 11,
641 3768 688 3818 111.
705 3768 778 3834 Pyra.
796 3769 838 3818 Vl.
856 3767 944 3818 lsthm.
961 3767 995 3817 Π.
1013 3767 1149 3833 Sclrnbring
1166 3784 1188 3817 0.
1205 3768 1224 3817 1.
1241 3784 1265 3833 p.
1284 3769 1329 3817 88τ
1347 3768 1440 3819 Solrinc

252 3869 296 3904 uns
317 3853 443 3903 erhcltenc
468 3852 546 3902 Dela·
569 3852 618 3902 und
642 3852 846 3902 Tetradrachmsn
869 3851 952 3915 aeigen
969 3868 1014 3900 uns
1032 3851 1126 3900 silenda
1144 3849 1346 3915 Viergsspannen,
1364 3850 1441 3900 durch

250 3936 366 4001 llisgandc
391 3935 514 3986 Victorias
538 3935 640 4000 gekrint
655 3936 704 3984 und
727 3936 772 3984 aul
787 3935 910 3984 lrleinsrsn
928 3934 1111 3984 Silbermrinceu
1126 3934 1181 3983 sind
1198 3935 1342 3998 springendc
1359 3934 1441 3999 galap-

249 4019 348 4085 piranda
364 4017 452 4068 Plerde
469 4018 527 4067 oder
545 4017 704 4083 Plerdekipls
721 4017 754 4067 im
773 4017 854 4067 Fslde.

282 4103 307 4164 8)
325 4100 415 4165 Vergil.
434 4102 495 4151 Aen.
514 4100 561 4160 ΙΙΙ,
580 4099 637 4152 704.

281 4183 307 4246 7)
324 4183 397 4235 Diod.
416 4184 463 4234 Sic.
484 4183 554 4242 XIII,
571 4184 611 4233 88.
629 4184 679 4234 8οΙ.
697 4183 768 4242 XLV,
788 4184 827 4234 ll.

281 4269 307 4328 8)
324 4266 396 4316 Diod.
413 4267 460 4316 Sic.
479 4266 523 4327 lx,
542 4267 581 4317 88.
599 4268 650 4326 XX,
669 4269 709 4316 to.
727 4267 805 4325 Xlill,
824 4267 864 4316 al.
883 4265 949 4317 Plut.
969 4265 1018 4317 vit.
1038 4264 1111 4316 Dion.
1126 4265 1166 4315 88.
1180 4265 1224 4316 Sil.
1242 4266 1298 4316 Ital.
1309 4266 1375 4327 xlv,
1385 4268 1442 4318 208.

283 4350 307 4411 8)
324 4349 395 4398 Pind.
419 4349 500 4398 (larun.
522 4348 562 4398 01.
586 4349 628 4408 IV,
650 4348 678 4399 V.
695 4349 832 4413 Sohubring
850 4366 872 4398 o.
890 4349 907 4398 l.
926 4365 949 4415 p.
968 4348 1052 4399 88...
1070 4347 1119 4398 und
1136 4348 1227 4397 welche
1244 4350 1307 4399 noch
1326 4349 1441 4399 hautein

250 4430 359 4495 Dirganti
376 4432 453 4481 durch
469 4431 601 4481 Schinhsit
620 4432 668 4481 und
686 4431 758 4481 Krait
775 4431 827 4481 rich
846 4431 1019 4481 auszeichnsn:
1038 4429 1078 4480 ich
1095 4431 1159 4481 habe
1177 4430 1290 4495 nirgcnds
1307 4431 1440 4481 inSicilicn

252 4530 278 4563 ao
295 4515 384 4563 schino
402 4515 529 4581 Gespanna
545 4532 574 4564 zu
593 4514 865 4580 Vcrgnigungalahrtan
882 4514 995 4579 garehsn.

289 4598 330 4659 10)
346 4597 384 4647 Cf.
401 4598 494 4647 Miller
510 4598 542 4649 ad
559 4598 622 4648 'lim
639 4600 669 4649 ir.
687 4599 743 4648 118.
761 4598 791 4660 (l,
808 4614 832 4664 p.
850 4598 916 4659 82]).

289 4679 330 4743 11)
346 4679 419 4744 Diog.
435 4680 516 4731 Laert.
534 4680 603 4740 vm,
622 4680 661 4730 88.
