3734 5767
816 731 858 801 71

242 921 318 981 runt
337 913 554 992 Xenodocum,
575 936 670 1002 quem
689 919 852 983 iusserunt
870 938 967 1003 quam
987 920 1167 983 maximum
1186 919 1248 982 sibi
1262 917 1434 984 adsciscere

241 1044 411 1089 numerum
439 1024 609 1088 sociorum.
631 1022 694 1088 Hic
713 1027 855 1089 exercitu
871 1031 983 1110 parato
1008 1022 1123 1091 Gelam
1143 1024 1317 1107 contendit,
1337 1046 1434 1112 quam

240 1131 363 1206 urbem,
395 1134 490 1195 noctu
522 1149 540 1194 a
570 1132 706 1214 privatis
729 1130 921 1215 quibusdam
946 1130 1127 1217 hospitibus
1149 1130 1319 1208 admissus,
1344 1153 1431 1198 occu·

239 1238 496 1323 paritoniusque
517 1235 638 1302 incolae
658 1234 795 1302 Diodoro
810 1235 920 1302 Siculo
941 1242 1023 1302 teste
1042 1239 1260 1314 προθυμότατα
1277 1238 1430 1313 πανδημεὶ

240 1344 496 1420 συστρατεύοντες
534 1341 704 1422 ἠλευθέρουν
736 1345 795 1416 τας
828 1345 946 1414 πόλεις.
979 1341 1062 1409 Gela
1094 1351 1248 1429 occupata
1275 1343 1430 1424 Hennaei,

238 1451 355 1537 legatis
374 1450 491 1526 missis,
512 1449 624 1514 urbem
648 1470 741 1514 suam
764 1450 989 1536 Agrigentinis
1013 1449 1216 1526 dediderunt3
1241 1450 1314 1515 inde
1327 1450 1431 1516 Xeno

239 1557 337 1622 docus
376 1554 573 1622 Herbessum
612 1556 786 1633 contendit,
822 1578 919 1642 quem
957 1557 1078 1634 urbem,
1113 1555 1428 1644 Carthaginiensium

239 1662 394 1749 praesidio
421 1664 542 1727 civium
569 1661 689 1728 auxilio
714 1684 873 1748 oppresso,
896 1664 959 1729 sibi
982 1663 1137 1728 adiunxit.
1163 1663 1322 1729 Herbeaso
1344 1685 1431 1729 erer-

239 1773 341 1835 citum
371 1767 538 1833 hlchetlam
562 1768 665 1846 duxit,
688 1789 785 1854 quam
808 1769 921 1834 urbem
947 1769 1096 1835 nonnulli
1119 1791 1155 1834 ex
1180 1772 1221 1835 iis
1244 1791 1324 1855 quos
1347 1771 1431 1856 Aga·

239 1875 361 1943 thocles
383 1874 550 1962 Syracusis
573 1873 746 1959 reliquerat
767 1875 928 1941 militibus
946 1883 1186 1962 occupaverant,
1210 1876 1294 1942 unde
1317 1874 1429 1944 Gama-

238 1986 419 2048 rinaeorum
454 1980 748 2068 Leontinorumque
782 2003 876 2070 agros
910 1981 1155 2068 populabantur.
1191 1981 1359 2049 Echetlam
1395 1985 1429 2048 vi

237 2093 321 2176 cepit
344 2095 376 2155 et
400 2086 622 2155 Camarinaeos
646 2088 880 2176 Leontinosque
903 2089 1049 2158 militum
1068 2088 1248 2175 petulantia
1268 2089 1429 2157 liberavit.

239 2196 344 2262 Rebus
368 2202 436 2261 tam
460 2216 606 2283 prospere
628 2198 730 2283 gestis
753 2199 929 2262 exercitum
954 2203 1063 2262 contra
1085 2195 1302 2285 Syracusanos
1325 2195 1428 2275 duxit,

238 2306 295 2389 qni
325 2323 399 2368 cum
431 2301 565 2388 Leptine
596 2309 628 2367 et
659 2300 849 2390 Demophilo
880 2303 1015 2369 ducibus
1045 2302 1214 2369 Xenodooo
1235 2309 1428 2388 potestatem

237 2411 288 2474 sui
318 2409 465 2474 fecissent
487 2417 554 2474 tam
577 2429 711 2495 gravem
736 2412 767 2475 ei
789 2408 970 2475 intulerunt
993 2409 1127 2488 cladem,
1151 2418 1189 2475 ut
1211 2430 1330 2497 magno
1353 2431 1428 2477 cum

236 2515 427 2582 detrimento
450 2516 669 2602 Agrigentum
691 2514 803 2603 fugere
826 2522 954 2581 coactus
977 2518 1020 2581 sit
1047 2523 1069 2596 ).

281 2621 386 2689 Paulo
415 2631 488 2707 post
517 2644 593 2688 cum
617 2622 812 2710 Agathocles
835 2644 874 2688 ex
898 2623 1005 2688 Africa
1027 2622 1175 2689 rediisset
1196 2622 1428 2708 nonnullasque

237 2751 276 2795 ex
306 2729 441 2794 urbibus
471 2749 549 2815 quas
579 2729 769 2795 Xenodoous
799 2730 861 2794 sibi
883 2728 1072 2795 adiunxerat
1093 2731 1262 2814 recepisset
1275 2727 1311 2808 ²),
1336 2730 1429 2816 Agri·

238 2837 364 2923 gentici
384 2856 474 2922 spem
498 2837 694 2921 principatus
717 2836 869 2901 abiecisse
887 2836 1049 2902 videntur.
1069 2834 1188 2901 llxules
1208 2840 1315 2900 tamen
1335 2834 1428 2923 Syra·

238 2945 346 3008 cusani
368 2944 495 3028 incepto
517 2965 580 3008 non
604 2943 806 3022 destiterunt,
832 2964 905 3008 uam
929 2943 995 3008 dux
1018 2965 1129 3009 eorum
1149 2941 1333 3009 Dinocrates
1352 2964 1426 3008 cum

236 3050 276 3115 ad
305 3048 488 3115 libertatem
520 3049 748 3117 conclamasset
778 3056 887 3116 tantus
918 3072 958 3116 ex
985 3051 1134 3116 omnibus
1157 3048 1235 3115 locis
1257 3070 1428 3115 concursus

236 3157 276 3222 ad
305 3177 381 3222 eum
408 3159 517 3222 extitit
539 3163 577 3222 ut
600 3157 813 3243 Agathoclem
836 3157 874 3222 ad
898 3155 1059 3243 proelium
1080 3156 1233 3222 lacessere
1255 3176 1351 3220 ausus
1373 3158 1426 3220 sit.

235 3261 299 3328 Hic
328 3269 438 3328 autem
469 3264 593 3328 viribus
624 3284 698 3328 eum
729 3262 835 3329 multo
865 3270 948 3330 esset
977 3263 1109 3330 inferior
1134 3263 1280 3329 hostibus
1302 3264 1426 3348 copiam

236 3372 287 3436 sui
309 3389 373 3435 nen
397 3369 472 3435 fecit
486 3369 522 3455 ³).

281 3476 390 3542 Rebus
424 3478 458 3542 in
488 3477 604 3555 Africa,
638 3478 692 3542 ubi
723 3477 967 3565 Archagathum
998 3476 1180 3563 reliquerat,
1212 3475 1297 3541 male
1327 3478 1427 3563 gestis

238 3589 393 3669 tyrannus
427 3605 501 3649 cum
525 3583 723 3669 aliquamdiu
745 3583 865 3650 bellum
885 3583 1014 3670 Leptini
1032 3582 1321 3649 administrandum
1341 3603 1427 3648 com·

239 3691 368 3755 mittere
386 3697 564 3777 cogeretur,
584 3712 694 3757 eorum
715 3693 771 3777 qui
792 3689 955 3756 Dinocrati
977 3711 1011 3756 se
1035 3690 1250 3777 adiungebaut
1273 3710 1427 3755 numerus

238 3795 380 3862 indiam
411 3798 598 3885 augebatur.
629 3797 720 3864 Nihil
749 3797 830 3864 hane
856 3799 895 3864 ob
923 3818 1052 3863 eausam
1075 3797 1225 3883 Leptines
1249 3803 1427 3863 memoratu

237 3903 373 3991 dignum
404 3904 478 3970 iecit
491 3901 528 3989 ⁴).
550 3902 868 3991 Carthaginiensibus
891 3907 1012 3970 interea
1031 3904 1150 3990 proelio
1170 3903 1276 3969 navali
1294 3904 1427 3984 victis⁵)

237 4009 429 4096 Agathocles
459 4010 580 4077 bellum
609 4013 641 4075 in
665 4010 775 4077 Sicilia
798 4012 949 4078 conficere
973 4014 1151 4088 constituit,
1176 4031 1272 4097 quam
1295 4010 1335 4076 ad
1358 4030 1426 4075 rem

233 4115 403 4202 Leptiuem
434 4119 468 4180 in
499 4118 789 4204 Agrigentinorum
820 4116 897 4183 belli
929 4125 1097 4184 auctorum
1127 4117 1204 4184 fines
1236 4119 1335 4195 misit,
1371 4118 1427 4201 qui
1547 4143 1551 4150 ·

234 4223 443 4290 Xenodocum
465 4223 505 4289 ad
527 4224 688 4310 proelium
710 4224 878 4291 lacesseret
889 4231 927 4306 ⁸).

273 4495 297 4555 l)
314 4495 386 4544 Diod.
403 4495 451 4546 Sic.
469 4496 521 4555 xx,
539 4496 578 4545 tt.
861 4498 887 4559 2)
907 4497 976 4547 Diod.
994 4497 1041 4547 Sic.
1060 4496 1111 4556 llll,
1131 4498 1170 4545 56.

272 4576 298 4639 8)
316 4576 453 4627 nicusus
471 4577 523 4637 XX,
542 4577 581 4630 57.
864 4581 889 4642 4)
907 4579 979 4629 Diod.
996 4579 1044 4628 Sic.
1061 4579 1112 4637 XX,
1129 4580 1168 4628 ul.

273 4661 297 4721 b)
316 4659 386 4710 Diod.
403 4660 449 4710 Sic.
467 4660 517 4718 XX,
532 4660 572 4711 tl.
649 4701 651 4706 .
862 4664 887 4724 d)
906 4662 976 4713 Diod.
992 4662 1040 4712 Sic.
1057 4662 1108 4721 xx,
1126 4662 1165 4714 62.
