3734 5767
1049 740 1070 804 2

465 928 599 989 tractare
618 945 682 988 non
697 928 746 988 est
757 922 853 987 huius
865 922 937 988 loci.
952 922 1116 990 Probanda
1129 921 1256 988 videtur
1267 925 1424 988 sententia
1435 923 1601 991 Freemani
1617 927 1651 1008 ¹),

465 1032 520 1116 qni
551 1051 603 1095 eos
634 1030 742 1095 Iberos
773 1027 826 1093 vel
856 1028 1007 1116 eiusdem·
1030 1032 1140 1115 stirpis
1170 1049 1205 1093 ac
1237 1027 1344 1093 lberos
1371 1028 1469 1096 fnisse
1491 1034 1650 1117 opinatur,

465 1157 527 1222 qua
545 1157 584 1202 ex
604 1145 694 1222 perte
716 1143 825 1200 autem
840 1142 1006 1211 terrarum,
1026 1134 1162 1221 quando,
1184 1155 1261 1221 quas
1280 1136 1319 1200 ob
1336 1156 1446 1203 causas
1461 1140 1495 1202 in
1507 1137 1650 1204 Siciliam

464 1246 610 1309 venerint
634 1245 735 1307 statui
757 1262 849 1327 posse
873 1249 980 1328 negat.

509 1348 675 1428 Quodnam
714 1369 828 1413 nomen
862 1346 977 1434 oppido
1012 1346 1200 1413 Sicanorum
1234 1348 1267 1411 in
1302 1369 1429 1413 summo
1462 1347 1542 1415 colle
1576 1357 1650 1416 ante

462 1454 656 1522 Graecorum
680 1456 855 1522 adventum
875 1459 937 1521 sito
958 1456 1065 1534 fuerit,
1086 1476 1215 1540 prorsus
1234 1458 1430 1542 ignoramus.
1448 1458 1535 1522 Inter
1550 1478 1650 1543 pauca

462 1559 648 1627 Sicanorum
679 1563 870 1649 oppidorum
899 1564 1037 1638 nomina,
1069 1582 1150 1648 quae
1181 1560 1221 1626 ad
1250 1582 1306 1625 nos
1336 1571 1558 1647 pervenerunt,
1586 1564 1649 1630 duo

462 1676 538 1732 suut
556 1689 692 1754 quorum
712 1669 852 1734 alterum
867 1664 1026 1733 Oluverns
1041 1671 1197 1753 paucique
1212 1666 1278 1745 alii,
1295 1667 1433 1733 alterum
1448 1668 1649 1748 Pancrazins,

462 1794 559 1859 quem
593 1773 691 1839 multi
725 1777 826 1841 secuti
861 1780 946 1859 sunt,
986 1773 1095 1860 oppidi
1132 1773 1329 1851 Sicanorum,
1365 1773 1404 1839 de
1438 1794 1500 1860 quo
1531 1778 1648 1862 agitur,

460 1901 574 1945 nomen
606 1881 703 1945 fuisse
737 1880 956 1966 perhibebant.
991 1880 1157 1962 Omptoces
1170 1877 1196 1958 ²)
1227 1901 1284 1965 pro
1314 1879 1501 1945 Sicanorum
1533 1881 1648 1968 oppido

460 1992 532 2050 ante
562 1984 758 2052 Graecorum
780 1985 956 2053 adventum
975 1988 1010 2050 in
1029 1985 1109 2051 colle
1130 1988 1343 2071 Agrigentino
1366 1989 1429 2051 sito
1449 2008 1517 2053 esse
1536 1988 1649 2054 haben-

460 2091 533 2157 dam
560 2090 691 2159 Oluveri
705 2097 730 2172 ³)
753 2101 821 2158 erat
843 2095 962 2178 opinio,
985 2113 1066 2178 quae
1091 2113 1165 2157 cum
1190 2091 1279 2157 nullo
1303 2099 1492 2179 argumento
1514 2097 1655 2172 nitatur,

461 2218 575 2285 paucos
597 2205 723 2263 tantum
750 2198 863 2263 habuit
885 2199 1035 2275 fautores,
1060 2196 1215 2283 hodieque
1238 2199 1277 2263 ab
1300 2200 1448 2264 omnibus
1467 2202 1597 2265 reicitur
1610 2198 1646 2280 ⁴).

458 2304 639 2371 Sententiae
658 2305 822 2370 Pancraaii
834 2306 871 2384 ⁵),
891 2308 948 2391 qui
971 2305 1153 2383 Comicum)
1173 2325 1286 2369 nomen
1307 2305 1496 2371 Sicanorum
1515 2310 1549 2371 in
1568 2305 1647 2372 collo

458 2413 670 2498 Agrigentino
700 2412 810 2498 oppidi
841 2412 939 2476 fuisse
969 2411 1167 2497 opinabatur,
1199 2410 1377 2496 complures
1410 2415 1472 2477 viri
1502 2412 1586 2477 docti
1613 2434 1647 2479 se

458 2517 648 2583 addixerunt
659 2523 696 2597 ⁷),
726 2519 822 2604 idque
841 2520 1047 2604 potissimum
1067 2517 1192 2583 duobus
1211 2518 1286 2582 freti
1304 2516 1392 2596 locis,
1413 2539 1551 2604 quornm
1567 2518 1647 2585 alter

457 2630 505 2688 est
540 2623 749 2702 Hermetem,
780 2624 862 2689 alter
891 2624 976 2710 apud
1007 2622 1181 2688 Diodorum
1212 2622 1358 2688 Siculum
1389 2623 1519 2711 legitur.
1551 2625 1645 2710 Apud

458 2729 657 2796 Herodotum
689 2734 775 2796 enim
806 2731 883 2796 haec
913 2733 1032 2817 scripta
1064 2730 1268 2810 videmus⁸):
1301 2732 1431 2807 λέγεται
1456 2733 1518 2809 γὰρ
1542 2735 1643 2797 Μίνοιν

457 2838 542 2901 sorde
575 2834 697 2926 ζήτησιν
726 2838 885 2902 Δοιιδοίλου
908 2839 1090 2912 ἀπικόμενον
1116 2838 1144 2906 ές
1172 2840 1325 2921 Σικανίην,
1350 2838 1403 2909 την
1427 2841 1478 2900 νῦν
1502 2839 1643 2911 Σικελίην

456 2943 647 3018 καλευμένην
679 2944 839 3007 ἀποθανεῖν
870 2944 964 3021 βιοιίῳ
996 2943 1116 3023 θανάτῳ
1150 2946 1211 3007 ists
1243 2943 1274 3005 δέ
1302 2944 1407 3022 χρόνον
1432 2950 1552 3020 Κρῆτας
1576 2944 1642 3007 θεοῦ

455 3057 512 3129 σφι
549 3049 765 3127 ἐποτρύναντος
802 3049 923 3120 πάντας
961 3051 1042 3122 πλην
1079 3049 1284 3128 Πολιχνιτέων
1319 3072 1354 3111 τε
1387 3048 1438 3112 καί
1480 3048 1641 3126 Πραισίων,

455 3154 654 3231 ἀπικομένους
679 3156 779 3234 στόλῳ
803 3157 935 3235 μεγάλῳ
957 3156 986 3225 ές
1013 3155 1157 3227 Σικοινίην
1181 3153 1362 3234 πολιορκέειν
1387 3154 1435 3216 έπ’
1454 3154 1527 3218 έτεοι
1548 3155 1639 3219 πέντε

454 3262 567 3326 πόλιν
593 3264 778 3340 Καμικόν,
802 3265 867 3334 την
892 3264 974 3325 κατ’
998 3262 1068 3336 ἐμὲ
1094 3260 1412 3336 Ἀκραγαντῖνοι
1437 3261 1641 3336 νέμοντοιι.

498 3368 601 3434 Locus
633 3368 763 3434 Diodori
793 3367 894 3433 Siculi
926 3373 975 3433 est
1004 3370 1037 3430 in
1068 3366 1150 3431 libro
1180 3364 1233 3443 IV,
1259 3365 1318 3431 78:
1350 3364 1506 3432 Daedalus
1530 3367 1641 3433 Minoa

451 3474 605 3562 effugiens
627 3497 702 3540 cum
726 3478 759 3539 in
784 3473 926 3539 Siciliam
948 3475 1088 3537 venIsset
1107 3473 1215 3557 ibique
1235 3493 1253 3536 a
1273 3470 1387 3539 Cocalo
1399 3478 1435 3551 ί),
1454 3473 1639 3539 Sicanorum

452 3602 538 3667 rege,
567 3581 703 3667 benigne
732 3587 814 3645 esset
843 3585 993 3664 exceptus
1022 3579 1108 3658 πικροὶ
1137 3587 1199 3650 τοῖς
1226 3587 1365 3648 Σικανοῖς
1390 3578 1523 3657 διέτριψε
1544 3582 1640 3645 πλείω

452 3688 558 3767 χρόνον
591 3685 820 3767 θαυμαζόμενος
857 3687 887 3750 έν
910 3696 948 3767 τῇ
982 3687 1065 3749 sard
1096 3687 1149 3758 την
1182 3683 1295 3764 τέχνην
1327 3685 1493 3767 ὑπερβολῇ.
1526 3687 1640 3773 Pergit

484 3934 509 3995 l)
527 3933 658 3982 Frssmsn:
675 3948 697 3981 o.
715 3931 733 3980 l.
750 3930 771 3989 I,
787 3945 810 3995 p.
830 3929 871 3989 99,
887 3944 940 3993 sqq.

486 4016 510 4078 2)
527 4015 600 4065 Paos.
617 4013 686 4073 VIII,
703 4014 744 4072 46,
762 4013 791 4071 s;
810 4011 852 4070 lx,
869 4012 909 4069 40,
927 4012 959 4068 4;
977 4009 1059 4074 Steph.
1077 4006 1137 4073 Bys.
1153 4023 1206 4058 s.v.

485 4099 510 4161 S)
527 4098 624 4148 Closer.
641 4098 688 4146 Sic.
706 4098 763 4145 Ant.
779 4111 802 4160 p.
821 4093 962 4143 une-254.

484 4184 509 4244 4)
528 4180 622 4230 Holus.¹
647 4179 724 4229 Gesoh
754 4179 801 4227 Sic.
824 4177 857 4226 im
875 4174 1017 4224 Altsrthum
1034 4173 1054 4232 1,
1072 4189 1094 4237 p.
1114 4174 1153 4222 60.
1170 4171 1270 4222 Sieiert:
1289 4172 1397 4237 Akragas
1416 4172 1464 4222 uad
1481 4172 1532 4223 sein
1550 4174 1636 4224 ueniet

450 4280 474 4329 p.
494 4263 533 4316 II.
551 4262 710 4327 Sobubring.s
725 4278 762 4326 op.
783 4261 800 4309 l.
818 4276 842 4326 p.
863 4259 899 4308 lu.
1224 4257 1226 4264 ⁴

485 4348 509 4409 5)
525 4345 655 4395 Pancrsziz
674 4344 771 4394 Antich.
787 4342 835 4392 Sic.
853 4342 873 4400 Ι,
891 4341 915 4399 2,
936 4342 957 4397 l,
974 4354 998 4404 p.
1016 4342 1039 4396 4,
1058 4338 1099 4387 24.

483 4431 507 4492 d)
524 4429 607 4495 Steph.
624 4429 681 4493 Byz.
698 4445 718 4477 s.
728 4444 750 4477 v.
763 4433 788 4476 st
805 4440 856 4475 ss.
873 4421 988 4482 Αίμονίιι.
1006 4420 1094 4468 Strabo
1112 4417 1155 4478 VI,
1173 4418 1198 4477 2,
1214 4418 1243 4477 ⁶3
1260 4417 1332 4468 Diod.
1348 4418 1395 4467 sis.
1411 4417 1453 4479 IV,
1472 4417 1512 4469 78.

483 4510 507 4573 7)
525 4511 613 4572 Housl,
630 4513 733 4571 Bartsls,
751 4511 872 4567 Mannsrt,
889 4505 997 4563 Erfurdt,
1014 4503 1084 4552 Ssrrs
1101 4501 1126 4550 di
1144 4500 1227 4559 Falco,
1243 4499 1376 4560 Cassllsri,
1392 4500 1492 4560 Prsllsr,
1508 4500 1559 4550 alii.

482 4595 507 4654 8)
526 4593 615 4644 Herod.
632 4595 688 4654 vll,
708 4595 763 4664 ΠΟ.

481 4676 506 4736 9)
524 4676 593 4726 Diod.
611 4679 658 4727 Sic.
676 4676 718 4736 IV,
736 4676 767 4727 io
785 4692 836 4740 sqq.
855 4673 927 4722 Paus.
946 4667 1002 4727 VII,
1020 4668 1045 4726 9,
1062 4667 1085 4716 d.
1103 4667 1203 4732 Iuysum
1221 4667 1306 4716 Cocsii
1325 4668 1434 4733 appellat
1450 4667 1548 4731 regiam.
